2904 4826
686 529 886 622 -ua-

292 729 367 798 gere
395 709 558 796 incipiant
614 711 701 777 liaeo
731 711 818 776 enim
848 709 994 776 doctrina
1024 731 1090 774 non
1118 711 1201 778 inest
1230 714 1262 779 in
1329 703 1333 712 ’

273 833 386 899 -snpra
413 813 508 879 allato
539 815 684 880 Isocratis
711 815 803 898 loco,
833 835 929 901 quam
956 824 1063 878 tamen
1087 813 1164 880 inde
1190 817 1263 882 elici

288 913 391 980 soluit
410 915 573 983 Heraldus.
619 918 762 1004 Namque
785 915 1026 988 lacedaemonii
1047 929 1158 994 eontra
1177 920 1264 986 The-

289 1019 390 1085 banos
403 1021 555 1086 auxilinm
570 1017 812 1086 Atheniensium
826 1021 1046 1106 implorantes,
1064 1031 1159 1108 atque
1174 1045 1264 1087 sum-

289 1145 419 1212 mopere
444 1123 527 1190 illud
551 1123 745 1190 beneficium
771 1123 963 1211 flagitantes,
991 1123 1265 1190 commonefacie-

288 1227 368 1292 bant
395 1247 449 1292 eos
478 1227 572 1292 simul
601 1227 724 1312 auxilii,
752 1225 840 1313 quod
859 1225 939 1292 belli
964 1225 1082 1291 Persici
1108 1237 1262 1313 tempore,

290 1353 392 1420 quum
427 1353 536 1398 ornnes
574 1332 703 1398 omnino
738 1343 825 1397 extra
860 1333 1117 1418 Peloponnesum
1156 1330 1264 1396 sedem

289 1432 443 1500 habentes
467 1433 507 1498 ab
531 1433 571 1498 iis
594 1432 805 1520 desciverant,
832 1435 872 1499 iis
897 1436 1137 1521 praestitissent3
1160 1433 1263 1499 adeo-

290 1557 369 1624 que,
393 1537 419 1600 si
441 1557 583 1622 unquam
607 1537 757 1602 beneficii
783 1536 939 1602 reddendi
961 1549 1041 1603 esset
1068 1537 1263 1623 opportuni-

290 1652 352 1726 tas,
374 1651 443 1705 turn
457 1639 639 1726 praesertim
664 1639 870 1705 Athenienses
894 1641 1016 1706 censeri
1036 1650 1181 1727 poterant
1200 1638 1262 1704 laoe

251 1725 259 1750 ⁸
289 1741 486 1809 beneficium
518 1741 635 1807 debere
669 1743 943 1831 Lacedaemoniis,
980 1745 1097 1834 quibus
1132 1743 1265 1832 gratiam

290 1847 402 1912 referri
423 1865 480 1934 par
501 1857 569 1913 erat
592 1869 650 1934 pro
674 1846 833 1912 beneficio
855 1849 922 1933 jam
948 1859 1021 1913 anto
1043 1847 1160 1912 oollato
1167 1866 1177 1929 3
1205 1844 1266 1910 ad-

291 1951 442 2018 diderunt
472 1951 558 2016 enim
591 1949 832 2016 lacedaemonii
864 1952 939 2018 ὥστε
974 1951 1098 2025 δικαίως
1134 1954 1177 2015 ἄν
1209 1952 1266 2030 τὴν

290 2063 388 2143 αὐτὴν
417 2060 585 2144 εὐεργεσίαν
615 2055 839 2145 ἀποὶάβοιμεν,
870 2061 964 2144 ἥνπερ
998 2057 1086 2121 αὐτοὶ
1113 2057 1265 2140 τυγχάνο-

289 2187 347 2246 μεν
368 2165 411 2237 εἷς
430 2164 509 2244 ὑμᾶς
528 2161 716 2247 ὑπάρξαντες
737 2157 751 2248 (
771 2156 794 2248 ).
1029 2239 1032 2247 ι

336 2264 413 2330 usus
437 2265 534 2352 igitur
558 2285 624 2328 sese
648 2262 763 2327 habeat
791 2261 920 2326 lleraldi
945 2261 1114 2346 sententia,
1137 2261 1201 2326 sire
1226 2281 1263 2324 eo

290 2367 442 2452 valuerit,
471 2379 507 2433 ut
531 2367 687 2434 indicaret
714 2369 824 2452 ἔρανον
852 2388 918 2430 esse
943 2365 1142 2432 reddendum
1172 2366 1266 2431 simul

288 2489 329 2534 ao
361 2469 432 2556 quis
462 2470 598 2535 vicissim
630 2469 786 2558 indigeat,
820 2471 882 2535 sire
915 2482 983 2535 tum
1009 2469 1156 2555 demum,
1190 2491 1265 2535 oum

288 2573 362 2660 qnia
382 2573 508 2640 fortuni
528 2575 671 2640 restitutd
688 2574 906 2640 henelaotores
924 2575 1063 2640 vicissim
1083 2574 1264 2639 laborantes

289 2675 421 2759 lrabeat,
445 2674 534 2740 nulll
555 2677 675 2741 ratione
699 2676 942 2762 exspectandum
968 2675 1177 2760 crediderim,
1203 2673 1267 2740 do-

288 2801 350 2844 neo
391 2778 431 2844 ad
468 2779 581 2846 incitas
616 2780 677 2844 sint
711 2779 833 2845 redacti
871 2779 1099 2846 benefactores.
1158 2779 1265 2860 Quare

289 2881 398 2946 nullus
420 2879 548 2966 dubito,
571 2883 650 2970 quin
671 2905 708 2946 ex
733 2893 908 2947 memorato
933 2882 1078 2948 Isocratis
1102 2883 1174 2950 loeo
1198 2902 1263 2946 no-

289 2994 354 3049 stra
373 2983 571 3070 potissimum
599 2985 637 3049 sit
660 2985 802 3050 eruenda
824 2986 995 3070 sententia,
1019 2985 1172 3052 nimirum
1193 2987 1267 3072 ἔρα-

289 3113 346 3158 sos
381 3109 447 3152 esse
478 3085 674 3152 heneficium
704 3087 918 3174 reddendum,
951 3089 979 3152 si
1008 3088 1128 3174 possint
1159 3086 1199 3170 ii,
1231 3086 1266 3150 in

290 3211 371 3278 qnos
385 3191 537 3256 collatum
553 3190 600 3255 sit.
646 3191 729 3256 lline
751 3193 865 3279 gratia,
886 3215 967 3281 quae
982 3191 1132 3274 refertur,
1155 3201 1265 3256 trans·
1369 3215 1371 3220 ·

290 3295 356 3360 latl
380 3316 509 3382 quoque
531 3292 777 3382 significatione,
801 3295 918 3361 dieitur
942 3297 1068 3396 ἕραζος,
1098 3291 1139 3358 ad
1167 3313 1266 3379 quam

288 3400 414 3465 seilicet
433 3398 630 3464 referendam
653 3419 747 3462 nemo
761 3399 885 3483 judicio
900 3409 1023 3486 poterat
1036 3397 1126 3484 cogi,
1149 3415 1268 3482 quem-

291 3500 464 3567 admodum
490 3500 530 3566 ad
551 3523 662 3566 aranos
686 3500 864 3567 reddendos
883 3504 972 3568 nullo
993 3512 1087 3590 paeto
1107 3499 1179 3586 cogi
1199 3519 1266 3584 po-

289 3595 394 3671 terant
418 3588 626 3670 Athenienses
651 3602 710 3696 (2)
756 3605 789 3670 Si
812 3606 883 3693 quis
907 3606 1004 3694 igitur
1028 3627 1094 3671 non
1114 3603 1266 3686 haberet,

322 3757 363 3825 (1)
385 3755 496 3809 Isocrat.
523 3757 543 3807 1.
571 3756 608 3822 l.;
637 3755 708 3808 conl.
735 3753 910 3808 Demosthen.
934 3755 965 3810 ln
991 3753 1122 3808 Neaeram
1147 3771 1176 3824 p.
1195 3751 1275 3804 rme.

284 3835 367 3891 Tem.
394 3837 435 3890 11.
461 3839 514 3906 ll„
542 3839 592 3892 ubi
624 3840 749 3910 legimus:
784 3841 832 3890 τὸν
863 3840 949 3891 αὐτὸν
981 3839 1080 3910 ἔρανον
1105 3837 1269 3890 ἀποδοῦναι.

286 3921 335 3975 eie
361 3923 458 3993 ἔρανος
482 3941 515 3977 ex
539 3927 634 3978 effectu
661 3927 762 3979 dicitnr
786 3925 978 3982 ἀνταπόδοσις.
1015 3921 1081 3979 vid.
1108 3917 1224 3992 Hesyeh.
1242 3920 1273 3973 in

286 4004 474 4074 v.’Eposst1'r,·
493 4007 556 4058 add.
575 4026 645 4076 quae
664 4009 745 4062 modo
763 4007 797 4060 ad
813 4027 890 4073 enm,
909 4007 956 4076 qui
972 4005 1126 4074 praeeedit,
1147 4003 1273 4058 Isocrah's

288 4085 379 4136 lorum
403 4088 538 4144 annotavi.
584 4089 627 4159 (2)
647 4089 690 4142 Cf.
716 4091 829 4143 Herald.
852 4089 968 4145 Obserr.
989 4097 1016 4142 et
1034 4088 1148 4142 Emend.
1166 4088 1200 4140 C.
1217 4089 1270 4152 dl,

288 4169 367 4237 cajus
390 4167 424 4221 C.
450 4171 495 4222 te.
522 4169 575 4222 alia
598 4172 687 4226 luerat
710 4175 854 4244 muntia,
880 4175 942 4228 add.
961 4176 1018 4244 ojus
1034 4172 1152 4232 Obserr.
1170 4171 1205 4224 ad
1222 4172 1273 4225 Jos

294 4255 352 4303 Ast.
371 4257 399 4304 et
415 4249 493 4304 Rom.
513 4251 565 4308 Vl.
586 4251 610 4305 1.
