2886 4826
574 518 733 580 -41..

177 697 369 764 attendamus
392 695 455 787 (1);
477 696 562 762 haud
587 698 666 782 scio,
689 718 729 760 an
754 715 818 760 nou
846 717 881 760 ex
904 696 964 760 alio
991 697 1131 764 Pollucis

176 803 268 884 loco,
296 802 348 886 qui
369 798 550 863 inscribitur
578 803 645 884 περὶ
670 803 783 885 ἐράνων
806 801 857 862 καὶ
886 803 947 866 τῶν
975 804 1042 885 περὶ
1074 803 1132 866 αὐ-

177 908 263 982 τούς,
294 901 482 966 contrarium
507 899 581 963 elici
605 899 700 985 possit
727 897 783 987 (2).
838 899 994 980 Quocirca
1018 922 1058 964 ue
1080 923 1133 965 sa-

175 1001 383 1067 crificantium
409 1001 536 1090 quidem
560 1003 668 1087 epulas
691 1021 812 1085 semper
833 999 873 1064 ad
896 1001 1028 1088 collegia
1057 1025 1132 1067 era-

174 1107 284 1172 uistica
311 1107 489 1189 retulerim,
521 1123 713 1192 quamquam
736 1103 810 1166 illae
837 1099 1012 1168 sodalitates
1037 1106 1132 1168 mul-

172 1220 239 1272 tum
278 1207 316 1272 ab
347 1208 386 1271 iis
413 1206 637 1271 mutuabantur
644 1227 653 1288 3
681 1204 729 1268 uti
755 1203 822 1288 jam
850 1204 1001 1289 superiori
1027 1206 1130 1292 capite

174 1309 335 1375 ostendere
359 1321 488 1374 conatus
511 1330 588 1372 sum.

613 1410 641 1494 §-
666 1413 694 1473 s.

219 1511 398 1579 Convivium
431 1515 592 1595 ipoessorois
627 1530 690 1573 non
725 1519 863 1593 tautum,
898 1532 1006 1576 serum
1037 1513 1132 1579 etiam

176 1637 283 1679 eorum
307 1613 478 1698 collegium
498 1611 661 1676 dicebatur
683 1613 804 1695 ἔρανος,
836 1621 983 1698 tauquam
1011 1619 1045 1679 τὸ
1069 1642 1134 1682 sos.

176 1724 230 1786 νόν
266 1721 328 1785 τῶν
366 1720 528 1802 {postoris
562 1711 619 1804 (3).
674 1713 724 1778 Ad
757 1715 843 1780 eraui
876 1717 973 1780 instar
1006 1739 1133 1806 quoque

178 1820 326 1906 collegia,
347 1837 429 1904 quae
450 1816 486 1879 lr.
509 1816 581 1880 tt).
607 1814 646 1880 de
671 1817 742 1880 coll.
763 1828 794 1880 et
819 1837 902 1903 corp.
929 1819 1051 1884 Solonis
1071 1823 1135 1908 legi

177 1923 378 2003 tribuuntur,
400 1919 493 1983 luisse
517 1919 672 2000 instituta,
696 1917 793 2002 iufra,
815 1917 872 1982 ubi
896 1918 934 1984 de
957 1921 1080 2007 legibus
1105 1933 1137 1986 et

175 2023 303 2109 judiciis
338 2020 508 2085 eranisticis
540 2018 742 2102 disseremus,
779 2017 878 2082 usius
915 2020 974 2084 erit
1009 2019 1135 2086 dicendi

187 2201 541 2220 Μ

209 2282 250 2352 (l)
269 2281 336 2335 Vid.
355 2281 452 2335 Pollux
471 2278 505 2331 L.
524 2276 577 2332 Vl.
596 2295 617 2330 s.
635 2278 650 2328 7
667 2283 694 2328 et
710 2278 744 2341 8,
764 2275 854 2344 ibique
875 2275 1049 2345 interpretem
1070 2282 1138 2332 cous.

178 2364 286 2418 Salmas.
303 2367 336 2418 de
351 2365 433 2420 Ueur.
452 2363 484 2416 C.
504 2365 530 2415 3.
548 2381 575 2430 p.
592 2363 626 2412 tt
644 2368 671 2412 ot
689 2360 733 2412 51.
769 2358 810 2427 (2)
831 2355 867 2411 V·
886 2360 982 2411 Pollux
1001 2360 1035 2412 L.
1053 2361 1139 2415 vttt.

177 2465 198 2499 s.
218 2449 285 2511 144,
312 2447 407 2517 ibique
430 2444 599 2511 Interpretes.
641 2443 684 2510 (3)
702 2439 739 2493 V.
760 2439 859 2492 Pollux
876 2439 910 2492 L.
927 2439 1011 2494 Vlll.
1028 2462 1048 2495 a.
1064 2447 1097 2497 37
1116 2453 1143 2498 et

179 2533 237 2582 144.
254 2532 345 2600 ibique
363 2529 577 2598 Juugermauuus.
609 2524 668 2578 Hac
683 2522 872 2595 significatione
891 2527 978 2577 κοινὸν
995 2529 1147 2596 saepissime

178 2616 307 2680 occurrit3
332 2615 369 2666 sic
392 2613 491 2666 dicitur
514 2613 546 2662 τὸ
561 2612 650 2662 κοινὸν
668 2610 818 2663 Θεσσάλνν.
852 2609 917 2662 Vid.
934 2611 968 2664 fr.
991 2613 1033 2664 37.
1053 2614 1091 2665 D.
1109 2615 1144 2666 do

178 2696 284 2760 lodic,
310 2695 380 2748 cous.
407 2693 516 2746 Salmas.
542 2693 575 2744 de
592 2691 673 2747 Usur.
699 2691 731 2744 C.
750 2693 775 2743 3.
792 2711 820 2762 p.
835 2693 886 2760 ts,
910 2692 1025 2746 Miscell.
1043 2687 1142 2749 defens.
1200 2721 1204 2724 ·

179 2779 211 2830 C.
228 2781 253 2830 2.
271 2797 299 2847 p.
316 2779 368 2843 26,
388 2777 420 2829 C.
439 2779 464 2828 3.
483 2795 511 2844 p.
527 2776 581 2839 87,
601 2775 633 2826 C.
650 2777 676 2826 4.
692 2792 720 2842 p.
740 2775 801 2838 109;
820 2775 881 2826 odd.
900 2775 1008 2829 Hersld.
1027 2775 1141 2833 observ.

180 2860 212 2910 ad
236 2860 283 2912 Jus
308 2861 365 2910 Ati.
392 2865 419 2909 et
441 2857 517 2908 Rom.
536 2855 589 2908 Vl.
608 2857 643 2921 4,
669 2857 716 2907 ubi
731 2855 802 2908 illud
818 2859 851 2907 τὸ
869 2861 955 2910 κοινὸν
972 2861 1076 2928 prolixe
1091 2881 1141 2914 ex-

179 2942 267 3008 ponit,
293 2959 360 3004 uec,
387 2956 445 2991 mee
470 2939 613 3000 sententia,
640 2937 726 2988 minus
751 2943 821 2989 recte
846 2938 913 2991 dicit
938 2941 1006 2994 illud
1025 2944 1059 2996 de
1079 2963 1145 2996 orca

180 3031 302 3078 communi
320 3043 373 3078 esse
392 3024 587 3090 accipiendum
604 3041 658 3074 nou
673 3029 759 3074 tomen
776 3024 827 3087 ita,
852 3031 881 3075 ut
898 3023 1018 3080 Salmasii
1035 3037 1145 3082 maten-

181 3111 230 3162 tiae
251 3110 317 3180 quid
344 3107 502 3174 derogetur,
530 3105 645 3172 negantis
672 3121 703 3156 eo
722 3109 916 3158 convivatorum
938 3111 1079 3178 symbolam
1098 3110 1146 3160 in-

181 3195 262 3262 telligi
290 3190 415 3260 (multum
440 3187 509 3239 enim
532 3187 640 3239 interest
667 3187 735 3238 iuter
760 3205 837 3238 uuam
859 3191 1000 3257 sajmbolom
1017 3196 1043 3241 et
1061 3195 1144 3240 totum

181 3276 296 3344 croam);
323 3273 368 3325 sed
392 3288 446 3341 quo
470 3270 550 3339 magis
572 3287 605 3322 ex
623 3269 727 3339 collegii
745 3277 838 3320 natura
853 3278 995 3339 sequatur,
1022 3271 1141 3338 sodales,

183 3359 221 3409 uti
247 3356 350 3419 omnia,
377 3355 414 3406 sic
438 3369 544 3422 quoque
570 3368 656 3404 orcam
680 3349 802 3402 hahuisse
822 3367 992 3404 communem·
1027 3353 1145 3404 Praestat
1221 3401 1225 3406 .

181 3447 268 3490 tamen
281 3440 314 3488 τὸ
333 3438 419 3486 κοινὸν
436 3434 520 3500 accipi
535 3449 584 3501 pro
601 3434 722 3501 cotkqio,
741 3440 867 3502 tanquam
882 3430 1020 3485 homiuum
1030 3435 1143 3486 societa-

181 3531 224 3586 te,
243 3522 283 3573 uti
301 3520 394 3572 Cicero
411 3517 548 3582 usurpavit
565 3532 708 3567 commane:
733 3517 769 3569 sic
788 3535 814 3570 v.
832 3533 869 3583 gr.
885 3516 912 3566 in
929 3514 1040 3568 Verrem
1058 3513 1081 3566 1.
1100 3517 1149 3567 38.

183 3605 296 3658 occurrit
318 3616 445 3653 commune
471 3599 635 3666 Milyadum
664 3596 704 3648 Il.
730 3601 773 3650 46.
801 3615 927 3650 commune
955 3599 1066 3650 Siciliae.
1101 3597 1145 3650 cf.

183 3688 305 3740 Heinsius
321 3686 355 3737 ad
372 3683 455 3737 Ovid‘.
472 3683 580 3735 Metam.
598 3681 668 3734 ΧΠ.
684 3683 711 3734 7.
728 3709 764 3725 -
780 3680 875 3735 Omnia
893 3681 976 3744 euim,
995 3699 1062 3750 quoe
1083 3683 1145 3735 cui-

183 3773 242 3824 dam
268 3768 398 3836 collegio,
427 3765 482 3818 sive
508 3766 628 3817 societati
653 3765 789 3832 proposita
812 3771 904 3828 erant,
920 3763 995 3814 'socii
1013 3761 1147 3815 habebant

183 3855 336 3910 communie.
379 3850 473 3921 Neque
505 3850 556 3900 alio
582 3850 660 3901 docet
689 3845 826 3911 Boecklr„
855 3843 1073 3899 Staatsbausbalt.
1097 3847 1145 3899 der

185 3937 320 3997 Athena,
347 3933 419 3988 P.1.
444 3952 471 4000 p.
493 3933 553 3985 264.
579 3933 626 3984 ubi
653 3933 777 3999 legimus:
805 3931 923 4001 uipereo
938 3927 1022 3983 beiszt
1038 3933 1080 3985 dio
1097 3951 1146 4003 ge-

185 4019 343 4074 eselleehall
370 4018 451 4070 selbst
462 4051 540 4067 .....
568 4015 613 4068 die
636 4015 784 4082 mitglieder
811 4013 955 4078 eranisteu,
992 4014 1071 4067 deren
1099 4031 1146 4082 ge-

90 4117 95 4122 ·
185 4103 360 4157 usammtheit
385 4103 427 4156 die
453 4100 607 4170 gemeiuheit
631 4100 679 4152 der
695 4099 823 4151 eranisten
848 4097 892 4164 (τὸ
908 4099 995 4149 κοινὸν
1012 4097 1066 4150 sois
1083 4098 1146 4166 lpo-

192 4205 207 4236 »
218 4186 362 4256 νιστῶν).”

1017 4267 1037 4324 6
