2886 4826
620 523 781 584 ..21-

212 704 304 769 ¹inira
339 703 531 768 luculentius
565 701 736 788 opparelrit.
802 705 866 786 Qui
900 717 1006 772 tamen
1041 709 1183 780 Salmasii

223 809 407 875 sententiam
424 819 529 892 tuear,
549 804 685 872 ‹licemis
698 810 841 874 convivia
861 809 900 876 de
920 813 1081 900 symbolis,
1101 818 1183 882 sub-

221 917 284 980 lata
304 916 381 979 licet
399 905 531 998 collegii
554 911 698 998 notione,
719 915 855 980 mollum
871 913 978 982 abesse
999 919 1038 983 ab
1058 923 1185 1004 crenis,

220 1002 284 1082 fron
309 1015 419 1098 vide03
439 1012 518 1080 lieet
538 1013 682 1104 inculcet
704 1019 813 1103 ἔρανον
839 1017 909 1084 fieri
940 1041 977 1086 cr
1010 1023 1088 1110 stipe
1114 1028 1205 1094 col-.

219 1119 338 1203 latitia,
370 1117 514 1184 condrio
548 1133 620 1182 reso
654 1119 693 1184 do
735 1121 893 1208 ηιηιοιίι
927 1143 965 1190 er
1006 1145 1064 1212 eo,
1101 1125 1187 1218 quod

222 1222 359 1308 quisque
380 1221 422 1286 ad
440 1222 672 1289 'comedendum
695 1226 745 1290 rel
767 1225 806 1290 ad
833 1230 1077 1316 compotandum
1101 1249 1188 1301 altn-

222 1323 311 1387 lissct
333 1320 390 1412 (1).
427 1323 497 1408 nst,
517 1325 561 1390 ita
584 1335 736 1412 statuem,
758 1327 877 1396 divellit
897 1333 1078 1422 sinodum,
1102 1339 1188 1426 qnod

224 1436 290 1490 tam
331 1437 414 1492 stete
442 1427 525 1492 inter
559 1423 669 1515 doceor
698 1441 731 1494 et
756 1431 937 1498 corennum
969 1433 1007 1500 de
1030 1442 1187 1528 symbolis

223 1527 387 1614 cohaeret,
406 1531 488 1618 quio
510 1532 605 1596 etism
619 1553 686 1598 non
703 1535 844 1618 agnoscit
862 1537 1071 1628 incunabula,
1086 1545 1189 1632 unde,

222 1632 308 1696 velut
330 1653 367 1696 ex
386 1635 552 1700 communi
581 1635 685 1722 lente,
708 1640 813 1705 omnia
842 1645 927 1708 erani
953 1669 1083 1734 genera,
1107 1673 1188 1738 quae

220 1740 291 1822 post
330 1738 460 1802 Homeri
500 1749 635 1804 aetatem
667 1741 828 1830 rigebant,
867 1765 1041 1819 manarunt.
1109 1757 1188 1822 llam

223 1862 339 1926 coena,
372 1861 487 1928 quam,
528 1853 565 1906 ut
594 1843 661 1929 janr
704 1848 994 1939 animadvertimus,
1035 1857 1190 1924 Homerus

224 1947 333 2032 ἔρανον
361 1955 468 2029 vocat,
502 1967 566 2012 non
598 1947 669 2015 dart
701 1955 853 2040 pecunid,
888 1980 997 2024 verum
1026 1982 1062 2026 ex
1096 1963 1190 2028 rebus

225 2052 361 2140 collatis,
384 2051 527 2140 adeoque
553 2055 591 2120 de
624 2059 781 2144 symbolis
815 2062 1044 2132 celebrabatur.
1088 2065 1125 2130 ln
1147 2090 1191 2132 u-

223 2168 337 2243 troque
365 2177 479 2244 genere
509 2167 591 2221 errat
615 2155 800 2240 Salmasius,
823 2167 1005 2252 praesertim
1032 2169 1056 2232 si
1079 2169 1190 2234 consi-

163 2257 165 2260 ’
224 2259 313 2326 deres
337 2259 393 2325 illa
416 2259 557 2326 convivia
582 2260 621 2326 de
652 2265 825 2351 symbolis,
858 2289 995 2354 quorum
1028 2269 1190 2337 Terentius

222 2365 382 2448 meminit,
415 2364 552 2449 pecunie
583 2367 715 2452 collati,
748 2379 784 2432 ut
815 2372 1014 2456 plurimum,
1038 2383 1188 2438 constare.

225 2465 333 2550 Quare
362 2477 414 2531 aut
441 2465 548 2550 fallor,
572 2479 626 2532 eut
656 2469 739 2532 inter
763 2473 872 2557 ἔρανον
894 2483 926 2537 et
953 2471 1130 2537 convivium
1152 2473 1191 2540 de

227 2565 384 2656 'symbolis
400 2589 522 2633 summa
542 2567 711 2635 intercedit
727 2573 940 2660 necessitudo,
963 2587 994 2640 et
1013 2595 1086 2641 sero
1109 2598 1191 2643 con-

226 2673 342 2740 rivium
374 2669 597 2736 Terentianum
634 2684 701 2738 erat
735 2678 854 2764 ἔρανος,
890 2678 1031 2766 quamvis
1063 2679 1190 2746 carebat
1231 2727 1235 2734 -

227 2777 354 2844 nomine
387 2769 448 2864 (2):
484 2772 625 2840 convivia
654 2777 740 2842 enim
767 2779 828 2846 ἀπὸ
856 2781 1014 2870 συμβολῶν
1041 2793 1109 2847 tum
1131 2780 1193 2848 de-

222 2903 314 2949 mum
336 2875 483 2946 ridentur
504 2877 599 2943 luisse
623 2880 763 2970 inventa,
787 2906 861 2951 cum
890 2889 1031 2976 vigerent
1056 2887 1191 2974 collegia

224 2983 447 3062 eranistemm3
470 2999 533 3066 qno
563 2989 704 3069 tempore
729 2989 868 3056 convivia
891 3003 997 3058 nostra
1027 3002 1115 3056 erant
1137 3007 1192 3055 so-

224 3087 356 3160 lutiora,
378 3083 423 3147 its
450 3091 486 3146 ut
510 3091 564 3146 aut
585 3085 755 3169 pecuniam
775 3107 905 3179 ¹possent
926 3093 999 3162 dare
1029 3095 1192 3178 convivae,

222 3199 366 3270 autres,
388 3202 468 3272 quas
498 3183 633 3272 vellens,
655 3191 807 3260 conferre.
852 3197 905 3262 Sic
927 3195 1039 3264 Pollux
1065 3195 1113 3287 (3)
1139 3197 1192 3261 di·-

224 3291 272 3356 'cit
295 3291 413 3375 μακρὰς
449 3288 471 3352 i·
488 3309 535 3356 ce.
567 3291 701 3373 μεγάλας
730 3295 855 3365 Ιδιδόναι
885 3300 1053 3388 συμβολὰς,
1076 3299 1191 3386 quibus

227 3391 375 3482 symbolis
406 3410 446 3454 ea
473 3409 616 3479 quoque,
639 3417 721 3483 quae
753 3398 877 3468 mensae
903 3403 1060 3470 ornandae
1088 3403 1192 3467 inser·

225 3495 346 3577 urent,
373 3491 518 3558 'indicere
550 3493 698 3590 volebant
727 3513 860 3590 veteres,
893 3517 929 3570 ιιι
958 3505 1065 3572 ridere
1096 3518 1142 3572 est
1173 3529 1191 3572 e

224 3594 367 3660 versibus
401 3593 538 3663 Alexidis
569 3589 658 3687 'epod
688 3601 885 3674 Athenaeum
906 3606 976 3699 (4),
1011 3609 1069 3674 ubi
1103 3611 1191 3698 legi-

221 3711 313 3762 mus:
971 3711 975 3721 “

217 3813 589 3847 Q

254 3875 303 3946 lis)
323 3875 368 3928 De
381 3876 463 3932 Usus.
479 3878 499 3930 l.
514 3879 536 3932 l.
573 3879 614 3951 (2)
631 3879 791 3938 mesenum
810 3883 857 3938 nte
873 3887 997 3944 consisto
1016 3891 1099 3946 mullis
1112 3895 1197 3948 sceris

221 3960 302 4016 luisse
318 3961 465 4028 adstricto,
483 3966 537 4034 jam
554 3981 633 4032 supra
650 3967 781 4034 vidimus,
800 3969 912 4024 affirmat
928 3987 1035 4046 quoque
1055 3975 1196 4030 Salmasim

224 4042 257 4112 (l.
267 4043 318 4112 l.),·
329 4063 415 4116 neque
430 4065 461 4100 eo
472 4048 557 4102 secius
567 4049 702 4104 vinculum
710 4053 879 4122 conspicuum
885 4063 934 4111 est.
961 4059 1002 4134 (3)
1012 4059 1047 4113 L.
1057 4060 1141 4116 Vl.·s.
1152 4063 1194 4116 12.

220 4122 268 4193 dt)
285 4117 322 4179 L.
340 4119 427 4194 vill.
441 4144 473 4198 p.
483 4131 594 4186 365.ss
610 4134 702 4206 ilrique
714 4135 890 4193 casaubonus
907 4160 935 4212 p.
947 4143 1007 4197 399.
1031 4140 1195 4202 Ci'Salmss.

227 4205 259 4263 de
272 4207 357 4268 Uror.
373 4213 410 4266 c.
424 4215 454 4266 3.
472 4228 501 4283 p.
514 4215 559 4268 a&
