<?xml version="1.0" encoding="UTF-8"?>
<!DOCTYPE html PUBLIC "-//W3C//DTD XHTML 1.0 Transitional//EN"
    "http://www.w3.org/TR/xhtml1/DTD/xhtml1-transitional.dtd">
<html xmlns="http://www.w3.org/1999/xhtml" xml:lang="en" lang="en">
 <head>
  <title>
</title>
<meta http-equiv="Content-Type" content="text/html;charset=utf-8" />
  <meta name='ocr-system' content='tesseract 3.04.00' />
  <meta name='ocr-capabilities' content='ocr_page ocr_carea ocr_par ocr_line ocrx_word'/>
</head>
<body>
  <div class='ocr_page' id='page_1' title='image "./specimenantiqua00holsgoog_0119.png"; bbox 0 0 2904 4826; ppageno 0'>
   <div class='ocr_carea' id='block_1_1' title="bbox 594 541 779 607">
    <p class='ocr_par' dir='ltr' id='par_1_1' title="bbox 594 541 779 607">
     <span class='ocr_line' id='line_1_1' title="bbox 594 541 779 607; baseline 0.005 -1"><span class='ocrx_word' id='word_1_1' title='bbox 594 541 779 607; x_wconf 82' lang='lat'>-105-</span> 
     </span>
    </p>
   </div>
   <div class='ocr_carea' id='block_1_2' title="bbox 183 721 1172 2784">
    <p class='ocr_par' dir='ltr' id='par_1_2' title="bbox 193 721 1168 1332">
     <span class='ocr_line' id='line_1_2' title="bbox 193 721 1165 816; baseline 0.007 -29"><span class='ocrx_word' id='word_1_2' title='bbox 193 742 258 809; x_wconf 83' lang='lat' dir='ltr'><strong>qne</strong></span> <span class='ocrx_word' id='word_1_3' title='bbox 273 721 490 808; x_wconf 79' lang='lat' dir='ltr'><strong>facultatibus,</strong></span> <span class='ocrx_word' id='word_1_4' title='bbox 515 722 724 792; x_wconf 81' lang='lat' dir='ltr'><strong>definiebatur</strong></span> <span class='ocrx_word' id='word_1_5' title='bbox 736 723 795 815; x_wconf 87' lang='lat'><strong>(1)</strong></span> <span class='ocrx_word' id='word_1_6' title='bbox 840 725 927 792; x_wconf 85' lang='lat' dir='ltr'><strong>Haeo</strong></span> <span class='ocrx_word' id='word_1_7' title='bbox 948 726 1061 814; x_wconf 76' lang='lat' dir='ltr'><strong>igitur,</strong></span> <span class='ocrx_word' id='word_1_8' title='bbox 1083 749 1165 816; x_wconf 79' lang='lat' dir='ltr'><strong>quaa</strong></span> 
     </span>
     <span class='ocr_line' id='line_1_3' title="bbox 195 823 1166 917; baseline 0.009 -28"><span class='ocrx_word' id='word_1_9' title='bbox 195 823 236 890; x_wconf 85' lang='lat' dir='ltr'><strong>de</strong></span> <span class='ocrx_word' id='word_1_10' title='bbox 262 827 378 892; x_wconf 78' lang='lat' dir='ltr'><strong>auxilio</strong></span> <span class='ocrx_word' id='word_1_11' title='bbox 404 827 579 894; x_wconf 80' lang='lat' dir='ltr'><strong>amicorum</strong></span> <span class='ocrx_word' id='word_1_12' title='bbox 605 828 700 894; x_wconf 87' lang='lat' dir='ltr'><strong>tradit</strong></span> <span class='ocrx_word' id='word_1_13' title='bbox 724 831 842 915; x_wconf 87' lang='lat' dir='ltr'><strong>Nepos,</strong></span> <span class='ocrx_word' id='word_1_14' title='bbox 872 829 914 896; x_wconf 80' lang='lat' dir='ltr'><strong>ad</strong></span> <span class='ocrx_word' id='word_1_15' title='bbox 939 834 1048 917; x_wconf 76' lang='lat' dir='ltr'><strong>lpoeooo</strong></span> <span class='ocrx_word' id='word_1_16' title='bbox 1072 834 1166 900; x_wconf 75' lang='lat' dir='ltr'><strong>ordi-</strong></span> 
     </span>
     <span class='ocr_line' id='line_1_4' title="bbox 195 930 1167 1019; baseline 0.008 -26"><span class='ocrx_word' id='word_1_17' title='bbox 195 931 333 995; x_wconf 77' lang='lat' dir='ltr'><strong>srars’ssm</strong></span> <span class='ocrx_word' id='word_1_18' title='bbox 362 941 396 998; x_wconf 89' lang='lat' dir='ltr'><strong>et</strong></span> <span class='ocrx_word' id='word_1_19' title='bbox 421 930 596 1019; x_wconf 68' lang='lat' dir='ltr'><strong>priuatim</strong></span> <span class='ocrx_word' id='word_1_20' title='bbox 623 930 734 996; x_wconf 74' lang='lat' dir='ltr'><strong>referri</strong></span> <span class='ocrx_word' id='word_1_21' title='bbox 758 944 896 1018; x_wconf 82' lang='lat' dir='ltr'><strong>possunt</strong></span> <span class='ocrx_word' id='word_1_22' title='bbox 942 933 1033 1002; x_wconf 86' lang='lat' dir='ltr'><strong>Unde</strong></span> <span class='ocrx_word' id='word_1_23' title='bbox 1057 934 1167 1001; x_wconf 82' lang='lat' dir='ltr'><strong>eonii·-</strong></span> 
     </span>
     <span class='ocr_line' id='line_1_5' title="bbox 196 1035 1166 1126; baseline 0.007 -27"><span class='ocrx_word' id='word_1_24' title='bbox 196 1055 271 1100; x_wconf 90' lang='lat' dir='ltr'><strong>oere</strong></span> <span class='ocrx_word' id='word_1_25' title='bbox 302 1035 396 1119; x_wconf 85' lang='lat' dir='ltr'><strong>lieet,</strong></span> <span class='ocrx_word' id='word_1_26' title='bbox 421 1035 515 1121; x_wconf 76' lang='grc' dir='ltr'><strong><em>λυτρο</em></strong></span> <span class='ocrx_word' id='word_1_27' title='bbox 542 1056 673 1122; x_wconf 88' lang='lat' dir='ltr'><strong>quoquo</strong></span> <span class='ocrx_word' id='word_1_28' title='bbox 702 1036 744 1102; x_wconf 87' lang='lat' dir='ltr'><strong>ad</strong></span> <span class='ocrx_word' id='word_1_29' title='bbox 766 1039 938 1126; x_wconf 55' lang='lat' dir='ltr'><strong>,vulgarem</strong></span> <span class='ocrx_word' id='word_1_30' title='bbox 966 1042 1093 1126; x_wconf 71' lang='grc' dir='ltr'><strong>ἔρανοι,</strong></span> <span class='ocrx_word' id='word_1_31' title='bbox 1124 1038 1166 1106; x_wconf 83' lang='lat' dir='ltr'><strong>do</strong></span> 
     </span>
     <span class='ocr_line' id='line_1_6' title="bbox 194 1137 1168 1228; baseline 0.006 -25"><span class='ocrx_word' id='word_1_32' title='bbox 194 1159 258 1225; x_wconf 83' lang='lat' dir='ltr'><strong>qno</strong></span> <span class='ocrx_word' id='word_1_33' title='bbox 282 1137 387 1204; x_wconf 86' lang='lat' dir='ltr'><strong>dando</strong></span> <span class='ocrx_word' id='word_1_34' title='bbox 415 1137 499 1206; x_wconf 87' lang='lat' dir='ltr'><strong>inter</strong></span> <span class='ocrx_word' id='word_1_35' title='bbox 522 1138 642 1204; x_wconf 85' lang='lat' dir='ltr'><strong>amieos</strong></span> <span class='ocrx_word' id='word_1_36' title='bbox 670 1142 893 1228; x_wconf 75' lang='lat' dir='ltr'><strong>conveniebat,</strong></span> <span class='ocrx_word' id='word_1_37' title='bbox 920 1143 1065 1208; x_wconf 72' lang='lat' dir='ltr'><strong>retulisse</strong></span> <span class='ocrx_word' id='word_1_38' title='bbox 1085 1162 1168 1208; x_wconf 83' lang='lat' dir='ltr'><strong>aue-</strong></span> 
     </span>
     <span class='ocr_line' id='line_1_7' title="bbox 195 1238 377 1332; baseline 0 -26"><span class='ocrx_word' id='word_1_39' title='bbox 195 1252 297 1306; x_wconf 86' lang='lat' dir='ltr'><strong>torem</strong></span> <span class='ocrx_word' id='word_1_40' title='bbox 318 1238 377 1332; x_wconf 83' lang='lat'><strong>(2).</strong></span> 
     </span>
    </p>

    <p class='ocr_par' dir='ltr' id='par_1_3' title="bbox 183 1345 1172 2784">
     <span class='ocr_line' id='line_1_8' title="bbox 183 1345 1166 1434; baseline 0.001 -21"><span class='ocrx_word' id='word_1_41' title='bbox 183 1383 187 1389; x_wconf 74' lang='lat'><em>,</em></span> <span class='ocrx_word' id='word_1_42' title='bbox 244 1349 317 1430; x_wconf 86' lang='lat' dir='ltr'><strong>Quo</strong></span> <span class='ocrx_word' id='word_1_43' title='bbox 344 1348 444 1434; x_wconf 84' lang='lat' dir='ltr'><strong>magis</strong></span> <span class='ocrx_word' id='word_1_44' title='bbox 470 1357 620 1434; x_wconf 82' lang='lat' dir='ltr'><strong>appareat</strong></span> <span class='ocrx_word' id='word_1_45' title='bbox 655 1345 742 1412; x_wconf 82' lang='lat' dir='ltr'><strong>idern</strong></span> <span class='ocrx_word' id='word_1_46' title='bbox 775 1347 948 1416; x_wconf 76' lang='lat' dir='ltr'>obtinuisse</span> <span class='ocrx_word' id='word_1_47' title='bbox 973 1347 1166 1414; x_wconf 81' lang='lat' dir='ltr'><strong>incaeteris</strong></span> 
     </span>
     <span class='ocr_line' id='line_1_9' title="bbox 195 1449 1166 1540; baseline -0.005 -18"><span class='ocrx_word' id='word_1_48' title='bbox 195 1455 349 1522; x_wconf 82' lang='lat' dir='ltr'><strong>Graeciae</strong></span> <span class='ocrx_word' id='word_1_49' title='bbox 372 1451 550 1517; x_wconf 74' lang='lat' dir='ltr'><strong>civitatibus</strong></span> <span class='ocrx_word' id='word_1_50' title='bbox 571 1461 603 1514; x_wconf 90' lang='lat' dir='ltr'><strong>et</strong></span> <span class='ocrx_word' id='word_1_51' title='bbox 624 1472 700 1515; x_wconf 74' lang='lat' dir='ltr'><strong>nero</strong></span> <span class='ocrx_word' id='word_1_52' title='bbox 723 1449 869 1535; x_wconf 71' lang='lat' dir='ltr'><strong>Athenis,</strong></span> <span class='ocrx_word' id='word_1_53' title='bbox 893 1451 1166 1540; x_wconf 84' lang='lat' dir='ltr'><strong>operaepretium</strong></span> 
     </span>
     <span class='ocr_line' id='line_1_10' title="bbox 195 1545 1168 1643; baseline 0 -20"><span class='ocrx_word' id='word_1_54' title='bbox 195 1558 257 1624; x_wconf 91' lang='lat' dir='ltr'><strong>erit</strong></span> <span class='ocrx_word' id='word_1_55' title='bbox 283 1545 440 1643; x_wconf 85' lang='lat' dir='ltr'><strong>apponere</strong></span> <span class='ocrx_word' id='word_1_56' title='bbox 460 1555 591 1620; x_wconf 85' lang='lat' dir='ltr'><strong>Luoiani</strong></span> <span class='ocrx_word' id='word_1_57' title='bbox 614 1555 739 1640; x_wconf 84' lang='lat' dir='ltr'><strong>locum,</strong></span> <span class='ocrx_word' id='word_1_58' title='bbox 760 1556 795 1620; x_wconf 90' lang='lat' dir='ltr'><strong>in</strong></span> <span class='ocrx_word' id='word_1_59' title='bbox 816 1557 1035 1623; x_wconf 70' lang='lat' dir='ltr'>Demosthenis</span> <span class='ocrx_word' id='word_1_60' title='bbox 1053 1559 1168 1622; x_wconf 81' lang='lat' dir='ltr'><strong>Enco-</strong></span> 
     </span>
     <span class='ocr_line' id='line_1_11' title="bbox 194 1660 1165 1751; baseline -0.005 -20"><span class='ocrx_word' id='word_1_61' title='bbox 194 1665 277 1751; x_wconf 86' lang='lat' dir='ltr'><strong>mio,</strong></span> <span class='ocrx_word' id='word_1_62' title='bbox 307 1662 367 1727; x_wconf 88' lang='lat' dir='ltr'><strong>uhi</strong></span> <span class='ocrx_word' id='word_1_63' title='bbox 400 1661 433 1727; x_wconf 86' lang='lat' dir='ltr'><strong>G.</strong></span> <span class='ocrx_word' id='word_1_64' title='bbox 462 1663 513 1725; x_wconf 88' lang='lat' dir='ltr'><strong>t5.</strong></span> <span class='ocrx_word' id='word_1_65' title='bbox 544 1660 697 1747; x_wconf 85' lang='lat' dir='ltr'><strong>legimus:</strong></span> <span class='ocrx_word' id='word_1_66' title='bbox 733 1666 759 1729; x_wconf 80' lang='lat' dir='ltr'><strong>ai</strong></span> <span class='ocrx_word' id='word_1_67' title='bbox 787 1663 820 1728; x_wconf 80' lang='grc' dir='ltr'><strong>δὲ</strong></span> <span class='ocrx_word' id='word_1_68' title='bbox 850 1667 962 1751; x_wconf 79' lang='grc' dir='ltr'><strong>βιωτὸν</strong></span> <span class='ocrx_word' id='word_1_69' title='bbox 992 1661 1165 1746; x_wconf 73' lang='grc' dir='ltr'><strong>ἔλεηοέυτι,</strong></span> 
     </span>
     <span class='ocr_line' id='line_1_12' title="bbox 194 1757 1169 1852; baseline -0.006 -18"><span class='ocrx_word' id='word_1_70' title='bbox 194 1769 340 1834; x_wconf 82' lang='grc' dir='ltr'><strong>τοπιιυόυ</strong></span> <span class='ocrx_word' id='word_1_71' title='bbox 362 1759 446 1849; x_wconf 64' lang='grc' dir='ltr'><strong>μὲν,</strong></span> <span class='ocrx_word' id='word_1_72' title='bbox 478 1765 603 1836; x_wconf 74' lang='grc' dir='ltr'><strong>ἀνεκτὸς</strong></span> <span class='ocrx_word' id='word_1_73' title='bbox 636 1757 721 1830; x_wconf 76' lang='lat' dir='ltr'><strong>d’osls</strong></span> <span class='ocrx_word' id='word_1_74' title='bbox 753 1768 773 1830; x_wconf 81' lang='grc' dir='ltr'>ό</span> <span class='ocrx_word' id='word_1_75' title='bbox 802 1763 885 1840; x_wconf 72' lang='grc' dir='ltr'><strong><em>ἔλεος</em></strong></span> <span class='ocrx_word' id='word_1_76' title='bbox 918 1771 1002 1852; x_wconf 77' lang='grc' dir='ltr'><strong><em>παρὰ</em></strong></span> <span class='ocrx_word' id='word_1_77' title='bbox 1032 1773 1096 1840; x_wconf 71' lang='grc' dir='ltr'><strong>τοῖς</strong></span> <span class='ocrx_word' id='word_1_78' title='bbox 1121 1769 1169 1832; x_wconf 85' lang='lat' dir='ltr'><strong>ol-</strong></span> 
     </span>
     <span class='ocr_line' id='line_1_13' title="bbox 197 1854 1170 1956; baseline 0.005 -23"><span class='ocrx_word' id='word_1_79' title='bbox 197 1869 304 1950; x_wconf 72' lang='grc' dir='ltr'><strong>κείοις,</strong></span> <span class='ocrx_word' id='word_1_80' title='bbox 328 1854 373 1935; x_wconf 82' lang='grc' dir='ltr'><strong>ὧν</strong></span> <span class='ocrx_word' id='word_1_81' title='bbox 392 1867 543 1949; x_wconf 59' lang='grc' dir='ltr'><strong>ἐλυσάμην</strong></span> <span class='ocrx_word' id='word_1_82' title='bbox 566 1865 785 1952; x_wconf 76' lang='grc' dir='ltr'><strong><em>αἰχμολώτους’</em></strong></span> <span class='ocrx_word' id='word_1_83' title='bbox 807 1874 828 1952; x_wconf 78' lang='grc' dir='ltr'><em>ἤ</em></span> <span class='ocrx_word' id='word_1_84' title='bbox 849 1877 912 1945; x_wconf 77' lang='grc' dir='ltr'><strong><em>τοϊς</em></strong></span> <span class='ocrx_word' id='word_1_85' title='bbox 933 1876 1083 1956; x_wconf 71' lang='grc' dir='ltr'><strong>πατράσιν</strong></span> <span class='ocrx_word' id='word_1_86' title='bbox 1090 1917 1100 1950; x_wconf 91' lang='grc'><strong><em>,</em></strong></span> <span class='ocrx_word' id='word_1_87' title='bbox 1123 1857 1170 1938; x_wconf 74' lang='grc' dir='ltr'><strong>ὧν</strong></span> 
     </span>
     <span class='ocr_line' id='line_1_14' title="bbox 198 1965 1171 2057; baseline -0.011 -18"><span class='ocrx_word' id='word_1_88' title='bbox 198 1973 387 2051; x_wconf 71' lang='grc' dir='ltr'><strong>συνεξέδωκα</strong></span> <span class='ocrx_word' id='word_1_89' title='bbox 422 1974 479 2046; x_wconf 64' lang='grc' dir='ltr'><strong>τὰς</strong></span> <span class='ocrx_word' id='word_1_90' title='bbox 508 1969 690 2055; x_wconf 76' lang='grc' dir='ltr'><strong><em>θυγατέρας“</em></strong></span> <span class='ocrx_word' id='word_1_91' title='bbox 720 1975 743 2052; x_wconf 75' lang='grc' dir='ltr'><em>ἤ</em></span> <span class='ocrx_word' id='word_1_92' title='bbox 775 1965 821 2044; x_wconf 79' lang='grc' dir='ltr'><strong>οἷς</strong></span> <span class='ocrx_word' id='word_1_93' title='bbox 854 1975 924 2046; x_wconf 78' lang='grc' dir='ltr'><strong>τούς</strong></span> <span class='ocrx_word' id='word_1_94' title='bbox 950 1975 1074 2057; x_wconf 71' lang='grc' dir='ltr'><strong><em>ἐράνους</em></strong></span> <span class='ocrx_word' id='word_1_95' title='bbox 1097 1993 1171 2041; x_wconf 62' lang='grc' dir='ltr'><strong><em>ουρ.</em></strong></span> 
     </span>
     <span class='ocr_line' id='line_1_15' title="bbox 196 2070 1170 2163; baseline -0.004 -19"><span class='ocrx_word' id='word_1_96' title='bbox 196 2077 378 2160; x_wconf 57' lang='lat' dir='ltr'><strong>tuterapiu</strong></span> <span class='ocrx_word' id='word_1_97' title='bbox 405 2071 464 2163; x_wconf 81' lang='grc'>(3).</span> <span class='ocrx_word' id='word_1_98' title='bbox 517 2073 604 2136; x_wconf 87' lang='lat' dir='ltr'><strong>Haeo</strong></span> <span class='ocrx_word' id='word_1_99' title='bbox 632 2071 730 2158; x_wconf 85' lang='lat' dir='ltr'><strong>igitur</strong></span> <span class='ocrx_word' id='word_1_100' title='bbox 757 2070 833 2140; x_wconf 75' lang='lat' dir='ltr'><strong>dixit</strong></span> <span class='ocrx_word' id='word_1_101' title='bbox 861 2073 1105 2158; x_wconf 76' lang='lat' dir='ltr'><strong>Demosthenes,</strong></span> <span class='ocrx_word' id='word_1_102' title='bbox 1132 2086 1170 2140; x_wconf 88' lang='lat' dir='ltr'><strong>nt</strong></span> 
     </span>
     <span class='ocr_line' id='line_1_16' title="bbox 196 2176 1170 2263; baseline -0.001 -18"><span class='ocrx_word' id='word_1_103' title='bbox 196 2179 376 2245; x_wconf 69' lang='lat' dir='ltr'><strong>ostenderet</strong></span> <span class='ocrx_word' id='word_1_104' title='bbox 408 2199 441 2242; x_wconf 81' lang='lat' dir='ltr'><strong>ee</strong></span> <span class='ocrx_word' id='word_1_105' title='bbox 478 2178 596 2241; x_wconf 87' lang='lat' dir='ltr'><strong>multos</strong></span> <span class='ocrx_word' id='word_1_106' title='bbox 629 2176 748 2241; x_wconf 81' lang='lat' dir='ltr'><strong>amio&#39;oa</strong></span> <span class='ocrx_word' id='word_1_107' title='bbox 778 2177 888 2263; x_wconf 85' lang='lat' dir='ltr'><strong>quovis</strong></span> <span class='ocrx_word' id='word_1_108' title='bbox 915 2177 1046 2242; x_wconf 83' lang='lat' dir='ltr'><strong>honesto</strong></span> <span class='ocrx_word' id='word_1_109' title='bbox 1074 2177 1170 2244; x_wconf 88' lang='lat' dir='ltr'><strong>moda</strong></span> 
     </span>
     <span class='ocr_line' id='line_1_17' title="bbox 194 2275 1169 2368; baseline -0.001 -22"><span class='ocrx_word' id='word_1_110' title='bbox 194 2281 320 2368; x_wconf 75' lang='lat' dir='ltr'><strong>juvisse.</strong></span> <span class='ocrx_word' id='word_1_111' title='bbox 366 2282 472 2363; x_wconf 82' lang='lat' dir='ltr'><strong>Quare</strong></span> <span class='ocrx_word' id='word_1_112' title='bbox 503 2279 585 2344; x_wconf 90' lang='lat' dir='ltr'><strong>illud</strong></span> <span class='ocrx_word' id='word_1_113' title='bbox 617 2287 638 2364; x_wconf 77' lang='grc' dir='ltr'><em>ἤ</em></span> <span class='ocrx_word' id='word_1_114' title='bbox 668 2275 713 2354; x_wconf 73' lang='grc' dir='ltr'><strong>οἷς</strong></span> <span class='ocrx_word' id='word_1_115' title='bbox 738 2313 806 2332; x_wconf 89' lang='lat'>·-··</span> <span class='ocrx_word' id='word_1_116' title='bbox 837 2279 1075 2365; x_wconf 63' lang='grc' dir='ltr'><strong>ουιδιιλυσάμηυ</strong></span> <span class='ocrx_word' id='word_1_117' title='bbox 1103 2303 1169 2352; x_wconf 89' lang='lat' dir='ltr'><strong>non</strong></span> 
     </span>
     <span class='ocr_line' id='line_1_18' title="bbox 197 2384 1171 2472; baseline 0.001 -20"><span class='ocrx_word' id='word_1_118' title='bbox 197 2387 242 2452; x_wconf 85' lang='lat' dir='ltr'><strong>ita</strong></span> <span class='ocrx_word' id='word_1_119' title='bbox 267 2386 371 2472; x_wconf 80' lang='lat' dir='ltr'><strong>accipi</strong></span> <span class='ocrx_word' id='word_1_120' title='bbox 394 2385 504 2470; x_wconf 79' lang='lat' dir='ltr'><strong>selim,</strong></span> <span class='ocrx_word' id='word_1_121' title='bbox 526 2395 563 2448; x_wconf 90' lang='lat' dir='ltr'><strong>nt</strong></span> <span class='ocrx_word' id='word_1_122' title='bbox 581 2405 639 2450; x_wconf 80' lang='lat' dir='ltr'><strong>ror</strong></span> <span class='ocrx_word' id='word_1_123' title='bbox 660 2388 783 2471; x_wconf 77' lang='grc' dir='ltr'><strong><em>ἐράνους</em></strong></span> <span class='ocrx_word' id='word_1_124' title='bbox 803 2407 867 2452; x_wconf 88' lang='lat' dir='ltr'><strong>non</strong></span> <span class='ocrx_word' id='word_1_125' title='bbox 889 2384 929 2450; x_wconf 87' lang='lat' dir='ltr'><strong>ad</strong></span> <span class='ocrx_word' id='word_1_126' title='bbox 951 2385 1171 2454; x_wconf 71' lang='lat' dir='ltr'><strong>antecedentia</strong></span> 
     </span>
     <span class='ocr_line' id='line_1_19' title="bbox 198 2486 1170 2570; baseline 0.006 -19"><span class='ocrx_word' id='word_1_127' title='bbox 198 2487 367 2570; x_wconf 78' lang='lat' dir='ltr'><strong>referatnr3</strong></span> <span class='ocrx_word' id='word_1_128' title='bbox 400 2499 469 2554; x_wconf 86' lang='lat' dir='ltr'><strong>erat</strong></span> <span class='ocrx_word' id='word_1_129' title='bbox 502 2487 590 2552; x_wconf 82' lang='lat' dir='ltr'><strong>enirn</strong></span> <span class='ocrx_word' id='word_1_130' title='bbox 623 2486 827 2552; x_wconf 68' lang='lat' dir='ltr'><strong>demostheni</strong></span> <span class='ocrx_word' id='word_1_131' title='bbox 858 2488 893 2554; x_wconf 89' lang='lat' dir='ltr'><strong>in</strong></span> <span class='ocrx_word' id='word_1_132' title='bbox 925 2489 1032 2554; x_wconf 88' lang='lat' dir='ltr'><strong>animo</strong></span> <span class='ocrx_word' id='word_1_133' title='bbox 1061 2513 1170 2558; x_wconf 87' lang='lat' dir='ltr'><strong>omnes</strong></span> 
     </span>
     <span class='ocr_line' id='line_1_20' title="bbox 199 2592 1172 2681; baseline 0.005 -26"><span class='ocrx_word' id='word_1_134' title='bbox 199 2611 386 2657; x_wconf 83' lang='lat' dir='ltr'><strong>enumerare</strong></span> <span class='ocrx_word' id='word_1_135' title='bbox 416 2593 667 2680; x_wconf 77' lang='lat' dir='ltr'><strong>opportunitates</strong></span> <span class='ocrx_word' id='word_1_136' title='bbox 702 2593 762 2656; x_wconf 86' lang='lat' dir='ltr'><strong>sibi</strong></span> <span class='ocrx_word' id='word_1_137' title='bbox 796 2592 838 2659; x_wconf 86' lang='lat' dir='ltr'><strong>ad</strong></span> <span class='ocrx_word' id='word_1_138' title='bbox 873 2595 992 2660; x_wconf 84' lang='lat' dir='ltr'><strong>amicos</strong></span> <span class='ocrx_word' id='word_1_139' title='bbox 1005 2595 1172 2681; x_wconf 67' lang='lat' dir='ltr'><strong>juvandos</strong></span> 
     </span>
     <span class='ocr_line' id='line_1_21' title="bbox 200 2692 1172 2784; baseline 0.003 -22"><span class='ocrx_word' id='word_1_140' title='bbox 200 2695 338 2778; x_wconf 81' lang='lat' dir='ltr'><strong>oblutas3</strong></span> <span class='ocrx_word' id='word_1_141' title='bbox 360 2694 503 2783; x_wconf 88' lang='lat' dir='ltr'><strong>adeoque</strong></span> <span class='ocrx_word' id='word_1_142' title='bbox 525 2703 547 2781; x_wconf 71' lang='grc' dir='ltr'><em>ἢ</em></span> <span class='ocrx_word' id='word_1_143' title='bbox 567 2692 613 2773; x_wconf 78' lang='grc' dir='ltr'><strong>οἷς</strong></span> <span class='ocrx_word' id='word_1_144' title='bbox 636 2695 792 2784; x_wconf 80' lang='lat' dir='ltr'><strong>signifieat</strong></span> <span class='ocrx_word' id='word_1_145' title='bbox 819 2709 895 2782; x_wconf 79' lang='lat' dir='ltr'><strong>out,</strong></span> <span class='ocrx_word' id='word_1_146' title='bbox 920 2710 961 2762; x_wconf 79' lang='grc' dir='ltr'><strong>ιιι</strong></span> <span class='ocrx_word' id='word_1_147' title='bbox 987 2697 1083 2763; x_wconf 78' lang='lat' dir='ltr'><strong>vardo</strong></span> <span class='ocrx_word' id='word_1_148' title='bbox 1110 2698 1172 2766; x_wconf 84' lang='lat' dir='ltr'><strong>dl·-</strong></span> 
     </span>
    </p>
   </div>
   <div class='ocr_carea' id='block_1_3' title="bbox 138 3089 1176 4249">
    <p class='ocr_par' dir='ltr' id='par_1_4' title="bbox 138 3089 1176 4249">
     <span class='ocr_line' id='line_1_22' title="bbox 232 3089 1173 3166; baseline 0.002 -22"><span class='ocrx_word' id='word_1_149' title='bbox 232 3089 274 3162; x_wconf 78' lang='lat'><strong>(1)</strong></span> <span class='ocrx_word' id='word_1_150' title='bbox 295 3089 528 3161; x_wconf 76' lang='lat' dir='ltr'><strong>Quemadmodum</strong></span> <span class='ocrx_word' id='word_1_151' title='bbox 545 3107 578 3142; x_wconf 81' lang='lat' dir='ltr'><strong>ex</strong></span> <span class='ocrx_word' id='word_1_152' title='bbox 595 3098 742 3146; x_wconf 86' lang='lat' dir='ltr'><strong>memorato</strong></span> <span class='ocrx_word' id='word_1_153' title='bbox 758 3091 872 3160; x_wconf 87' lang='lat' dir='ltr'><strong>Nepotis</strong></span> <span class='ocrx_word' id='word_1_154' title='bbox 888 3092 948 3146; x_wconf 80' lang='lat' dir='ltr'><strong>loeo</strong></span> <span class='ocrx_word' id='word_1_155' title='bbox 968 3100 1087 3160; x_wconf 83' lang='lat' dir='ltr'><strong>constat,</strong></span> <span class='ocrx_word' id='word_1_156' title='bbox 1105 3094 1173 3166; x_wconf 77' lang='lat' dir='ltr'><strong>lpo-</strong></span> 
     </span>
     <span class='ocr_line' id='line_1_23' title="bbox 189 3165 1173 3244; baseline 0.007 -19"><span class='ocrx_word' id='word_1_157' title='bbox 189 3193 237 3226; x_wconf 71' lang='grc' dir='ltr'><strong>νοι</strong></span> <span class='ocrx_word' id='word_1_158' title='bbox 262 3174 297 3226; x_wconf 86' lang='lat' dir='ltr'><strong>ad</strong></span> <span class='ocrx_word' id='word_1_159' title='bbox 326 3165 411 3225; x_wconf 83' lang='lat' dir='ltr'><strong>filiam</strong></span> <span class='ocrx_word' id='word_1_160' title='bbox 438 3173 515 3226; x_wconf 82' lang='lat' dir='ltr'><strong>amici</strong></span> <span class='ocrx_word' id='word_1_161' title='bbox 538 3172 657 3225; x_wconf 89' lang='lat' dir='ltr'><strong>nubilem</strong></span> <span class='ocrx_word' id='word_1_162' title='bbox 672 3175 855 3228; x_wconf 84' lang='lat' dir='ltr'><strong>collocandam</strong></span> <span class='ocrx_word' id='word_1_163' title='bbox 875 3175 976 3244; x_wconf 82' lang='lat' dir='ltr'><strong>erogari</strong></span> <span class='ocrx_word' id='word_1_164' title='bbox 994 3176 1117 3242; x_wconf 79' lang='lat' dir='ltr'><strong>solitum5</strong></span> <span class='ocrx_word' id='word_1_165' title='bbox 1134 3176 1173 3232; x_wconf 79' lang='lat' dir='ltr'><strong>sic</strong></span> 
     </span>
     <span class='ocr_line' id='line_1_24' title="bbox 138 3257 1175 3337; baseline 0.005 -30"><span class='ocrx_word' id='word_1_166' title='bbox 138 3321 148 3337; x_wconf 76' lang='lat'><em>‚</em></span> <span class='ocrx_word' id='word_1_167' title='bbox 191 3273 301 3327; x_wconf 85' lang='lat' dir='ltr'><strong>quoqne</strong></span> <span class='ocrx_word' id='word_1_168' title='bbox 317 3274 426 3309; x_wconf 79' lang='lat' dir='ltr'><strong>munero</strong></span> <span class='ocrx_word' id='word_1_169' title='bbox 441 3259 589 3322; x_wconf 77' lang='lat' dir='ltr'><strong>collatitio,</strong></span> <span class='ocrx_word' id='word_1_170' title='bbox 609 3257 680 3309; x_wconf 90' lang='lat' dir='ltr'><strong>unde</strong></span> <span class='ocrx_word' id='word_1_171' title='bbox 696 3259 767 3311; x_wconf 69' lang='lat' dir='ltr'><strong>ideo</strong></span> <span class='ocrx_word' id='word_1_172' title='bbox 785 3257 1013 3324; x_wconf 82' lang='lat' dir='ltr'><strong>conficiebantur,</strong></span> <span class='ocrx_word' id='word_1_173' title='bbox 1032 3259 1175 3312; x_wconf 74' lang='lat' dir='ltr'><strong>audiebant</strong></span> 
     </span>
     <span class='ocr_line' id='line_1_25' title="bbox 192 3341 1175 3414; baseline 0.002 -20"><span class='ocrx_word' id='word_1_174' title='bbox 192 3341 296 3412; x_wconf 75' lang='grc' dir='ltr'><strong>ἔρανοι.</strong></span> <span class='ocrx_word' id='word_1_175' title='bbox 342 3341 384 3392; x_wconf 92' lang='lat' dir='ltr'><strong>Ita</strong></span> <span class='ocrx_word' id='word_1_176' title='bbox 417 3341 488 3393; x_wconf 87' lang='lat' dir='ltr'><strong>enirn</strong></span> <span class='ocrx_word' id='word_1_177' title='bbox 515 3358 569 3395; x_wconf 87' lang='lat' dir='ltr'><strong>vox</strong></span> <span class='ocrx_word' id='word_1_178' title='bbox 595 3343 714 3395; x_wconf 86' lang='lat' dir='ltr'><strong>occurrit</strong></span> <span class='ocrx_word' id='word_1_179' title='bbox 738 3345 810 3414; x_wconf 87' lang='lat' dir='ltr'><strong>apud</strong></span> <span class='ocrx_word' id='word_1_180' title='bbox 836 3345 1002 3412; x_wconf 81' lang='lat' dir='ltr'><strong>Apollodor.</strong></span> <span class='ocrx_word' id='word_1_181' title='bbox 1027 3343 1067 3396; x_wconf 92' lang='lat'><strong>11.</strong></span> <span class='ocrx_word' id='word_1_182' title='bbox 1093 3345 1120 3396; x_wconf 76' lang='lat'><strong>4.</strong></span> <span class='ocrx_word' id='word_1_183' title='bbox 1146 3344 1175 3396; x_wconf 81' lang='lat'><strong>2.</strong></span> 
     </span>
     <span class='ocr_line' id='line_1_26' title="bbox 192 3422 1173 3496; baseline 0.001 -20"><span class='ocrx_word' id='word_1_184' title='bbox 192 3442 211 3476; x_wconf 71' lang='lat' dir='ltr'><strong>a</strong></span> <span class='ocrx_word' id='word_1_185' title='bbox 220 3425 318 3496; x_wconf 72' lang='grc' dir='ltr'><strong>ἔρανοι</strong></span> <span class='ocrx_word' id='word_1_186' title='bbox 336 3425 463 3490; x_wconf 71' lang='grc' dir='ltr'><strong>συνάγειν</strong></span> <span class='ocrx_word' id='word_1_187' title='bbox 477 3423 523 3475; x_wconf 70' lang='lat' dir='ltr'><strong>lul</strong></span> <span class='ocrx_word' id='word_1_188' title='bbox 540 3422 604 3483; x_wconf 68' lang='grc' dir='ltr'><strong>τοὺς</strong></span> <span class='ocrx_word' id='word_1_189' title='bbox 614 3424 819 3488; x_wconf 75' lang='grc' dir='ltr'><strong>Ἱπποδαμείας</strong></span> <span class='ocrx_word' id='word_1_190' title='bbox 833 3433 881 3493; x_wconf 80' lang='grc' dir='ltr'><strong>τῆς</strong></span> <span class='ocrx_word' id='word_1_191' title='bbox 891 3427 1027 3488; x_wconf 72' lang='grc' dir='ltr'><strong>Οἰνομάου</strong></span> <span class='ocrx_word' id='word_1_192' title='bbox 1035 3425 1173 3492; x_wconf 66' lang='grc' dir='ltr'><strong>γάμους.”</strong></span> 
     </span>
     <span class='ocr_line' id='line_1_27' title="bbox 193 3507 1174 3577; baseline -0.001 -16"><span class='ocrx_word' id='word_1_193' title='bbox 193 3509 242 3562; x_wconf 87' lang='lat' dir='ltr'><strong>nbi</strong></span> <span class='ocrx_word' id='word_1_194' title='bbox 262 3510 365 3575; x_wconf 69' lang='grc' dir='ltr'><strong><em>γάμους</em></strong></span> <span class='ocrx_word' id='word_1_195' title='bbox 382 3507 487 3560; x_wconf 81' lang='lat' dir='ltr'><strong>nonde</strong></span> <span class='ocrx_word' id='word_1_196' title='bbox 508 3508 608 3574; x_wconf 75' lang='lat' dir='ltr'><strong>epulis,</strong></span> <span class='ocrx_word' id='word_1_197' title='bbox 635 3507 681 3558; x_wconf 89' lang='lat' dir='ltr'><strong>sed</strong></span> <span class='ocrx_word' id='word_1_198' title='bbox 700 3509 734 3560; x_wconf 91' lang='lat' dir='ltr'><strong>de</strong></span> <span class='ocrx_word' id='word_1_199' title='bbox 750 3513 899 3562; x_wconf 72' lang='lat' dir='ltr'><strong>muneribus</strong></span> <span class='ocrx_word' id='word_1_200' title='bbox 916 3510 1080 3577; x_wconf 70' lang='lat' dir='ltr'><strong>sponsalibus</strong></span> <span class='ocrx_word' id='word_1_201' title='bbox 1095 3523 1174 3560; x_wconf 81' lang='lat' dir='ltr'><strong>acoe-</strong></span> 
     </span>
     <span class='ocr_line' id='line_1_28' title="bbox 190 3588 1173 3662; baseline -0.006 -17"><span class='ocrx_word' id='word_1_202' title='bbox 190 3600 290 3662; x_wconf 85' lang='lat' dir='ltr'><strong>perunt</strong></span> <span class='ocrx_word' id='word_1_203' title='bbox 316 3588 378 3644; x_wconf 89' lang='lat' dir='ltr'><strong>Viri</strong></span> <span class='ocrx_word' id='word_1_204' title='bbox 404 3589 488 3642; x_wconf 85' lang='lat' dir='ltr'><strong>Docti</strong></span> <span class='ocrx_word' id='word_1_205' title='bbox 496 3613 503 3654; x_wconf 69' lang='grc' dir='ltr'><strong>ς</strong></span> <span class='ocrx_word' id='word_1_206' title='bbox 530 3589 602 3642; x_wconf 80' lang='lat' dir='ltr'><strong>coni.</strong></span> <span class='ocrx_word' id='word_1_207' title='bbox 629 3589 748 3659; x_wconf 74' lang='lat' dir='ltr'><strong>Heynins</strong></span> <span class='ocrx_word' id='word_1_208' title='bbox 771 3593 799 3644; x_wconf 91' lang='lat' dir='ltr'><strong>in</strong></span> <span class='ocrx_word' id='word_1_209' title='bbox 821 3591 925 3644; x_wconf 87' lang='lat' dir='ltr'><strong>Comm.</strong></span> <span class='ocrx_word' id='word_1_210' title='bbox 946 3609 974 3658; x_wconf 88' lang='lat' dir='ltr'><strong>p.</strong></span> <span class='ocrx_word' id='word_1_211' title='bbox 990 3591 1042 3642; x_wconf 84' lang='lat'><strong>293</strong></span> <span class='ocrx_word' id='word_1_212' title='bbox 1059 3595 1087 3640; x_wconf 86' lang='lat' dir='ltr'><strong>at</strong></span> <span class='ocrx_word' id='word_1_213' title='bbox 1102 3589 1173 3653; x_wconf 70' lang='lat'><strong>295,</strong></span> 
     </span>
     <span class='ocr_line' id='line_1_29' title="bbox 191 3669 1173 3744; baseline -0.005 -16"><span class='ocrx_word' id='word_1_214' title='bbox 191 3681 222 3728; x_wconf 84' lang='lat' dir='ltr'><strong>et</strong></span> <span class='ocrx_word' id='word_1_215' title='bbox 237 3691 290 3730; x_wconf 84' lang='lat' dir='ltr'><strong>van</strong></span> <span class='ocrx_word' id='word_1_216' title='bbox 309 3671 435 3728; x_wconf 81' lang='lat' dir='ltr'><strong>Swiuden</strong></span> <span class='ocrx_word' id='word_1_217' title='bbox 450 3672 479 3723; x_wconf 89' lang='lat' dir='ltr'><strong>in</strong></span> <span class='ocrx_word' id='word_1_218' title='bbox 496 3669 612 3728; x_wconf 85' lang='lat' dir='ltr'><strong>Obsarr.</strong></span> <span class='ocrx_word' id='word_1_219' title='bbox 629 3669 744 3725; x_wconf 82' lang='lat' dir='ltr'><strong>Miscell.</strong></span> <span class='ocrx_word' id='word_1_220' title='bbox 763 3675 841 3728; x_wconf 82' lang='lat' dir='ltr'><strong>novis</strong></span> <span class='ocrx_word' id='word_1_221' title='bbox 857 3673 935 3726; x_wconf 85' lang='lat' dir='ltr'><strong>Torn.</strong></span> <span class='ocrx_word' id='word_1_222' title='bbox 946 3672 1002 3724; x_wconf 86' lang='lat'>111.</span> <span class='ocrx_word' id='word_1_223' title='bbox 1015 3691 1043 3744; x_wconf 91' lang='lat' dir='ltr'><strong>p.</strong></span> <span class='ocrx_word' id='word_1_224' title='bbox 1057 3672 1173 3742; x_wconf 77' lang='lat' dir='ltr'><strong>62.sqq.</strong></span> 
     </span>
     <span class='ocr_line' id='line_1_30' title="bbox 192 3753 1172 3828; baseline -0.002 -21"><span class='ocrx_word' id='word_1_225' title='bbox 192 3756 236 3828; x_wconf 85' lang='lat'><strong>(2)</strong></span> <span class='ocrx_word' id='word_1_226' title='bbox 257 3755 368 3809; x_wconf 80' lang='lat' dir='ltr'><strong>Graecis</strong></span> <span class='ocrx_word' id='word_1_227' title='bbox 392 3754 493 3824; x_wconf 72' lang='lat' dir='ltr'><strong>lorpes</strong></span> <span class='ocrx_word' id='word_1_228' title='bbox 520 3753 580 3808; x_wconf 84' lang='lat' dir='ltr'><strong>dari</strong></span> <span class='ocrx_word' id='word_1_229' title='bbox 604 3753 633 3806; x_wconf 87' lang='lat' dir='ltr'><strong>in</strong></span> <span class='ocrx_word' id='word_1_230' title='bbox 661 3772 763 3808; x_wconf 86' lang='lat' dir='ltr'><strong>summo</strong></span> <span class='ocrx_word' id='word_1_231' title='bbox 783 3757 914 3810; x_wconf 84' lang='lat' dir='ltr'><strong>beneficio</strong></span> <span class='ocrx_word' id='word_1_232' title='bbox 933 3756 1014 3808; x_wconf 80' lang='lat' dir='ltr'><strong>fuisse</strong></span> <span class='ocrx_word' id='word_1_233' title='bbox 1037 3753 1172 3824; x_wconf 79' lang='lat' dir='ltr'><strong>positum,</strong></span> 
     </span>
     <span class='ocr_line' id='line_1_31' title="bbox 191 3836 1173 3911; baseline -0.005 -17"><span class='ocrx_word' id='word_1_234' title='bbox 191 3848 287 3896; x_wconf 73' lang='lat' dir='ltr'><strong>auctor</strong></span> <span class='ocrx_word' id='word_1_235' title='bbox 303 3847 343 3893; x_wconf 82' lang='lat' dir='ltr'><strong>est</strong></span> <span class='ocrx_word' id='word_1_236' title='bbox 357 3837 453 3909; x_wconf 77' lang='lat' dir='ltr'><strong>Lysiae</strong></span> <span class='ocrx_word' id='word_1_237' title='bbox 468 3839 496 3890; x_wconf 83' lang='lat' dir='ltr'><strong>iu</strong></span> <span class='ocrx_word' id='word_1_238' title='bbox 514 3836 591 3891; x_wconf 77' lang='lat' dir='ltr'><strong>orae</strong></span> <span class='ocrx_word' id='word_1_239' title='bbox 609 3838 642 3892; x_wconf 85' lang='lat' dir='ltr'><strong>de</strong></span> <span class='ocrx_word' id='word_1_240' title='bbox 660 3837 779 3894; x_wconf 77' lang='lat' dir='ltr'><strong>Vulnere</strong></span> <span class='ocrx_word' id='word_1_241' title='bbox 796 3843 989 3911; x_wconf 85' lang='lat' dir='ltr'><strong>praemeditato</strong></span> <span class='ocrx_word' id='word_1_242' title='bbox 1005 3859 1034 3910; x_wconf 90' lang='lat' dir='ltr'><strong>p.</strong></span> <span class='ocrx_word' id='word_1_243' title='bbox 1044 3839 1103 3890; x_wconf 74' lang='lat'><strong>174.</strong></span> <span class='ocrx_word' id='word_1_244' title='bbox 1116 3857 1173 3908; x_wconf 76' lang='lat' dir='ltr'><strong>sap,</strong></span> 
     </span>
     <span class='ocr_line' id='line_1_32' title="bbox 191 3919 1176 3995; baseline -0.001 -20"><span class='ocrx_word' id='word_1_245' title='bbox 191 3922 271 3978; x_wconf 81' lang='lat' dir='ltr'><strong>Tem.</strong></span> <span class='ocrx_word' id='word_1_246' title='bbox 290 3922 327 3977; x_wconf 85' lang='lat' dir='ltr'><strong>V.</strong></span> <span class='ocrx_word' id='word_1_247' title='bbox 346 3923 385 3990; x_wconf 83' lang='lat' dir='ltr'><strong>R,</strong></span> <span class='ocrx_word' id='word_1_248' title='bbox 412 3929 440 3980; x_wconf 78' lang='lat' dir='ltr'><strong>et</strong></span> <span class='ocrx_word' id='word_1_249' title='bbox 464 3927 579 3992; x_wconf 75' lang='lat' dir='ltr'><strong>quantae</strong></span> <span class='ocrx_word' id='word_1_250' title='bbox 602 3921 709 3990; x_wconf 82' lang='lat' dir='ltr'><strong>pietatis</strong></span> <span class='ocrx_word' id='word_1_251' title='bbox 727 3925 815 3995; x_wconf 76' lang='grc' dir='ltr'><strong><em>λύτρα</em></strong></span> <span class='ocrx_word' id='word_1_252' title='bbox 833 3923 1011 3993; x_wconf 78' lang='lat' dir='ltr'><strong>Imperatores</strong></span> <span class='ocrx_word' id='word_1_253' title='bbox 1029 3919 1176 3974; x_wconf 76' lang='lat' dir='ltr'><strong>Christiani</strong></span> 
     </span>
     <span class='ocr_line' id='line_1_33' title="bbox 193 4001 1176 4076; baseline -0.005 -16"><span class='ocrx_word' id='word_1_254' title='bbox 193 4005 354 4075; x_wconf 83' lang='lat' dir='ltr'><strong>habuerint,</strong></span> <span class='ocrx_word' id='word_1_255' title='bbox 373 4008 468 4062; x_wconf 75' lang='lat' dir='ltr'><strong>videre</strong></span> <span class='ocrx_word' id='word_1_256' title='bbox 486 4013 527 4060; x_wconf 87' lang='lat' dir='ltr'><strong>est</strong></span> <span class='ocrx_word' id='word_1_257' title='bbox 543 4025 605 4060; x_wconf 83' lang='lat' dir='ltr'><strong>enm</strong></span> <span class='ocrx_word' id='word_1_258' title='bbox 622 4007 749 4075; x_wconf 86' lang='lat' dir='ltr'><strong>aliunde,</strong></span> <span class='ocrx_word' id='word_1_259' title='bbox 776 4016 831 4060; x_wconf 87' lang='lat' dir='ltr'><strong>turn</strong></span> <span class='ocrx_word' id='word_1_260' title='bbox 846 4007 968 4076; x_wconf 85' lang='lat' dir='ltr'><strong>inprimis</strong></span> <span class='ocrx_word' id='word_1_261' title='bbox 983 4023 1016 4058; x_wconf 77' lang='lat' dir='ltr'><strong>aa</strong></span> <span class='ocrx_word' id='word_1_262' title='bbox 1033 4001 1176 4056; x_wconf 72' lang='lat' dir='ltr'><strong>iustiniani</strong></span> 
     </span>
     <span class='ocr_line' id='line_1_34' title="bbox 193 4087 1176 4159; baseline -0.002 -17"><span class='ocrx_word' id='word_1_263' title='bbox 193 4088 264 4143; x_wconf 77' lang='lat' dir='ltr'><strong>inst.</strong></span> <span class='ocrx_word' id='word_1_264' title='bbox 281 4089 345 4144; x_wconf 83' lang='lat' dir='ltr'><strong>Lib.</strong></span> <span class='ocrx_word' id='word_1_265' title='bbox 364 4091 405 4144; x_wconf 90' lang='lat'><strong>11.</strong></span> <span class='ocrx_word' id='word_1_266' title='bbox 421 4089 478 4143; x_wconf 85' lang='lat' dir='ltr'><strong>Tit.</strong></span> <span class='ocrx_word' id='word_1_267' title='bbox 496 4091 531 4144; x_wconf 92' lang='lat' dir='ltr'><strong>da</strong></span> <span class='ocrx_word' id='word_1_268' title='bbox 545 4109 635 4145; x_wconf 80' lang='lat' dir='ltr'><strong>rarum</strong></span> <span class='ocrx_word' id='word_1_269' title='bbox 653 4090 785 4146; x_wconf 80' lang='lat' dir='ltr'><strong>divisione</strong></span> <span class='ocrx_word' id='word_1_270' title='bbox 802 4099 853 4144; x_wconf 86' lang='lat' dir='ltr'><strong>cet.</strong></span> <span class='ocrx_word' id='word_1_271' title='bbox 870 4091 897 4159; x_wconf 82' lang='lat'><strong>§.</strong></span> <span class='ocrx_word' id='word_1_272' title='bbox 915 4092 941 4144; x_wconf 82' lang='lat'><strong>8.</strong></span> <span class='ocrx_word' id='word_1_273' title='bbox 956 4097 984 4143; x_wconf 85' lang='lat' dir='ltr'><strong>et</strong></span> <span class='ocrx_word' id='word_1_274' title='bbox 1002 4089 1074 4146; x_wconf 76' lang='lat' dir='ltr'><strong>Nor.</strong></span> <span class='ocrx_word' id='word_1_275' title='bbox 1085 4087 1176 4142; x_wconf 77' lang='lat' dir='ltr'>CXX.</span> 
     </span>
     <span class='ocr_line' id='line_1_35' title="bbox 191 4175 1175 4249; baseline -0.001 -22"><span class='ocrx_word' id='word_1_276' title='bbox 191 4191 218 4228; x_wconf 83' lang='lat' dir='ltr'><strong>e.</strong></span> <span class='ocrx_word' id='word_1_277' title='bbox 235 4177 284 4240; x_wconf 90' lang='grc'><strong>9.,</strong></span> <span class='ocrx_word' id='word_1_278' title='bbox 311 4175 359 4228; x_wconf 83' lang='lat' dir='ltr'><strong>ubi</strong></span> <span class='ocrx_word' id='word_1_279' title='bbox 382 4176 494 4229; x_wconf 80' lang='lat' dir='ltr'><strong>docetur</strong></span> <span class='ocrx_word' id='word_1_280' title='bbox 518 4177 553 4228; x_wconf 82' lang='lat' dir='ltr'><strong>ad</strong></span> <span class='ocrx_word' id='word_1_281' title='bbox 572 4177 742 4230; x_wconf 85' lang='lat' dir='ltr'><strong>redimendos</strong></span> <span class='ocrx_word' id='word_1_282' title='bbox 758 4179 878 4249; x_wconf 78' lang='lat' dir='ltr'><strong>captivos</strong></span> <span class='ocrx_word' id='word_1_283' title='bbox 897 4195 939 4231; x_wconf 86' lang='lat' dir='ltr'><strong>rea</strong></span> <span class='ocrx_word' id='word_1_284' title='bbox 954 4193 1039 4230; x_wconf 83' lang='lat' dir='ltr'><strong>sacras</strong></span> <span class='ocrx_word' id='word_1_285' title='bbox 1057 4175 1175 4246; x_wconf 82' lang='lat' dir='ltr'><strong>potuisse</strong></span> 
     </span>
    </p>
   </div>
   <div class='ocr_carea' id='block_1_4' title="bbox 196 4256 790 4335">
    <p class='ocr_par' dir='ltr' id='par_1_5' title="bbox 196 4256 790 4335">
     <span class='ocr_line' id='line_1_36' title="bbox 196 4256 790 4335; baseline 0.01 -25"><span class='ocrx_word' id='word_1_286' title='bbox 196 4256 316 4312; x_wconf 83' lang='lat' dir='ltr'><strong>alienari.</strong></span> <span class='ocrx_word' id='word_1_287' title='bbox 360 4258 404 4332; x_wconf 73' lang='lat'><strong>(3)</strong></span> <span class='ocrx_word' id='word_1_288' title='bbox 426 4257 490 4314; x_wconf 80' lang='lat' dir='ltr'><strong>vio.</strong></span> <span class='ocrx_word' id='word_1_289' title='bbox 509 4259 588 4318; x_wconf 83' lang='grc' dir='ltr'><strong><em>Τοοι.</em></strong></span> <span class='ocrx_word' id='word_1_290' title='bbox 609 4261 665 4318; x_wconf 84' lang='lat'>111.</span> <span class='ocrx_word' id='word_1_291' title='bbox 683 4282 711 4335; x_wconf 86' lang='lat' dir='ltr'><strong>p.</strong></span> <span class='ocrx_word' id='word_1_292' title='bbox 729 4263 790 4317; x_wconf 79' lang='lat' dir='ltr'><strong>tta.</strong></span> 
     </span>
    </p>
   </div>
   <div class='ocr_carea' id='block_1_5' title="bbox 946 4313 1073 4410">
    <p class='ocr_par' dir='ltr' id='par_1_6' title="bbox 946 4313 1073 4410">
     <span class='ocr_line' id='line_1_37' title="bbox 946 4313 1073 4410; baseline 0 0"><span class='ocrx_word' id='word_1_293' title='bbox 946 4339 948 4344; x_wconf 78' lang='grc'><em>·</em></span> <span class='ocrx_word' id='word_1_294' title='bbox 1021 4313 1073 4410; x_wconf 75' lang='grc' dir='ltr'><strong>ιι</strong></span> 
     </span>
    </p>
   </div>
   <div class='ocr_carea' id='block_1_6' title="bbox 0 0 1470 4826">
    <p class='ocr_par' dir='ltr' id='par_1_7' title="bbox 0 0 1470 4826">
     <span class='ocr_line' id='line_1_38' title="bbox 0 0 1470 4826; baseline 0 0"><span class='ocrx_word' id='word_1_295' title='bbox 0 0 1470 4826; x_wconf 95' lang='lat' dir='ltr'><strong> </strong></span> 
     </span>
    </p>
   </div>
  </div>
 </body>
</html>
