2904 4826
678 521 838 586 ²76⁶·

271 715 324 772 tus
359 703 423 796 (1),
460 705 549 792 qnasi
586 704 719 769 eranista
743 703 884 788 essetis,
917 703 951 767 in
982 723 1077 790 quem
1102 687 1242 767 conferri
1286 743 1289 748 -

275 814 389 878 soleret
414 809 569 897 pecunia,
597 805 656 873 hnc
680 809 766 894 lege,
788 818 824 870 ut
848 806 933 870 statis
955 805 1150 893 temporibus
1174 825 1243 868 ne-

273 913 407 980 cessario
430 910 519 978 reddi
544 922 709 998 oporteret
754 910 840 992 Quid
863 911 963 994 enim,
984 921 1020 974 ut
1045 909 1089 975 ait
1109 909 1240 975 Salma-

278 1019 357 1104 sius,
404 1015 492 1083 aliud
534 1025 601 1080 erat
645 1035 805 1078 versuram
841 1013 974 1097 solvere,
1018 1013 1045 1076 si
1079 1011 1141 1077 hoo
1175 1033 1242 1076 non

276 1133 343 1189 erat
357 1117 414 1212 (2).
442 1113 512 1188 ¹Sed
531 1124 653 1208 ἔρανος,
668 1121 760 1206 cujus
774 1119 917 1184 meminit
931 1117 1156 1204 Harpocration
1171 1113 1240 1207 (3),

277 1226 342 1292 huo
370 1247 434 1290 non
459 1225 604 1311 pertinet.

717 1325 745 1410 ς.
770 1328 801 1389 3.

321 1431 411 1513 Quae
444 1451 519 1494 oum
552 1431 595 1495 ita
626 1429 702 1514 sint,
735 1450 771 1492 ex
794 1428 868 1514 ipsis
897 1429 1080 1494 auctoribus
1105 1447 1241 1515 persua*-

277 1533 352 1602 dere
375 1531 530 1598 conabor:
558 1535 599 1596 1⁰.
616 1553 747 1596 eranum
762 1553 828 1596 esse
842 1529 1039 1597 reddendum
1045 1554 1055 1614 ;
1077 1533 1120 1596 2⁰.
1135 1551 1242 1618 quan-

269 1635 317 1701 'do
348 1633 528 1700 reddendus
559 1634 614 1715 sit;
645 1635 803 1722 simulque
833 1635 911 1699 rixas
939 1637 1022 1700 inter
1051 1637 1143 1705 Viros
1167 1635 1241 1700 Do-

270 1736 444 1820 ·otissimos,
469 1735 658 1802 Salmasium
678 1747 710 1800 et
730 1735 920 1822 Heraldnm,
941 1737 981 1802 de
994 1739 1055 1804 hoc
1072 1760 1165 1804 erano
1180 1760 1241 1803 or·-

275 1849 337 1923 tro,
359 1837 417 1902 uhi
438 1858 516 1929 opus
542 1839 617 1918 erit,
641 1837 746 1926 quoad
768 1839 835 1925 ejus
859 1838 928 1903 fieri
948 1841 1078 1927 poterit,
1099 1861 1239 1928 compo-

271 1959 352 2004 nere
374 1939 523 2026 experiar.

318 2043 357 2108 ln
392 2064 456 2131 quo
485 2040 676 2108 elaborando
705 2054 742 2108 nt
773 2054 841 2108 tuto
869 2044 1068 2131 progrediar,
1091 2069 1108 2111 a
1135 2047 1243 2112 Theo·-

270 2144 400 2233 phrasto
414 2147 610 2234 proficiscar,
625 2149 659 2213 in
675 2147 860 2214 charactere
874 2152 950 2235 Περὶ
961 2153 1178 2238 μεμψιμοιρίας
1191 2150 1240 2241 (4)

277 2249 418 2318 dicentet
449 2255 502 2318 καὶ
532 2256 640 2339 ἐράνου
671 2253 888 2338 εἷςισεχθέντος
919 2257 1003 2339 παρά
1034 2257 1097 2320 τῶν
1124 2254 1238 2337 φίλων,

275 2359 329 2422 stol
341 2361 490 2439 φήσάσσάς
503 2379 585 2431 τινος
606 2353 751 2440 ,suapte
764 2355 865 2438 i‘odr“,
889 2360 983 2437 „Kal
997 2363 1061 2433 πῶς
1068 2361 1105 2439 ,·“
1128 2361 1238 2439 εἰπεῖν,

278 2462 357 2543 „dre
371 2462 421 2528 dri
435 2465 470 2526 τό
487 2462 628 2546 ἀργύριον
648 2459 816 2524 ἀποδοῦσαι
835 2464 966 2544 ἑκάστῳ,
990 2463 1042 2524 καὶ
1062 2463 1150 2547 χωρὶς
1169 2468 1240 2528 ros!-

274 2589 337 2632 των
363 2572 451 2651 χάριν
473 2563 604 2646 ὀφείλειν
625 2557 673 2650 (5)
696 2565 739 2636 ὥς
762 2564 1037 2647 εὐηργετημέσσν’,·“
1053 2563 1110 2653 (6).
1154 2565 1238 2628 Hinc

274 2663 429 2732 Heraldus
449 2667 730 2732 conficit‘eranum
750 2687 815 2729 esse
840 2663 1054 2748 reddendum,
1077 2671 1142 2734 n'on
1161 2668 1239 2735 adeo

167 2821 170 2824 .
274 2769 451 2834 necessario
476 2780 570 2856 atque
597 2767 753 2850 absolute,
776 2765 831 2830 sed
856 2767 880 2830 si
902 2767 1013 2853 amici,
1035 2770 1091 2856 qui
1117 2781 1239 2835 oontn-
1301 2758 1305 2760 ⁸

272 2872 399 2954 iissent,
422 2873 485 2936 suis
506 2871 628 2936 vicibus
652 2869 814 2956 indigeant
832 2869 899 2955 ipsi.
944 2870 990 2934 De
1011 2878 1077 2958 quo
1094 2873 1238 2940 redden-

270 2973 309 3040 ·di
343 2973 438 3040 modo
473 2975 554 3041 inira
587 2972 772 3039 ridebimus.
828 2971 973 3037 Attamen
1005 2973 1084 3041 haec
1109 2977 1237 3043 Heraldi

306 3212 348 3283 (1)
368 3210 414 3265 Ad
436 3210 497 3264 LL.
522 3211 581 3264 Art.
606 3229 635 3279 p.
661 3211 722 3263 526.
747 3229 787 3280 eq.
830 3211 871 3281 (2)
892 3209 958 3266 Vid.
977 3211 1087 3267 Salmas.
1108 3214 1142 3268 de
1158 3215 1241 3273 Usnr.

271 3299 305 3352 C.
322 3300 348 3351 3.
365 3318 393 3367 p.
411 3297 455 3348 42.
493 3295 534 3366 (3)
555 3294 588 3346 In
604 3312 630 3348 v.
648 3295 819 3364 Ἐραιιστήο
857 3296 898 3366 (t)
918 3296 983 3350 Vid.
1001 3298 1033 3351 C.
1043 3299 1141 3353 XVII.
1159 3301 1243 3364 Meo-

270 3384 398 3454 rptporpor
415 3379 516 3454 Latine
534 3377 663 3446 expressit
681 3375 780 3431 Seneca
797 3379 830 3430 de
850 3377 989 3432 Beneficiis
1008 3379 1060 3432 1v.
1078 3383 1105 3433 d.
1142 3381 1244 3450 olpsns

272 3484 289 3516 ιι
299 3465 362 3518 illos
379 3463 573 3530 complorantes
594 3467 692 3512 sortem
715 3477 787 3512 snam
805 3469 832 3514 et
847 3464 975 3532 querulos
992 3465 1196 3535 circumspics.''
1209 3481 1245 3508 ·-··

272 3546 324 3601 cui
340 3547 512 3616 μιςρφιμοιρρ
527 3541 670 3610 respondet
684 3542 762 3603 φύσει
780 3543 945 3614 δυσάρεστος
959 3547 1030 3613 apud
1045 3547 1122 3602 Flos.
1134 3544 1244 3616 tereph.

269 3633 398 3687 Jndaeor.
425 3629 529 3700 Origin⁴
553 3627 662 3681 alicubi.
705 3624 749 3678 cf.
774 3626 885 3680 Herald.
904 3627 1019 3682 Observ.
1049 3631 1083 3681 ad
1099 3630 1157 3683 dus
1186 3631 1244 3682 Art.

271 3725 299 3771 et
314 3717 392 3770 Rom.
411 3714 465 3769 vl.
483 3716 508 3766 1.
550 3714 592 3784 (5)
613 3711 659 3766 Sic
676 3711 770 3764 eodem
785 3711 866 3764 modo
883 3713 981 3766 dicitnr
995 3713 1093 3782 ἔρανοι
1111 3713 1241 3776 ascaro.

271 3800 339 3856 Vid.
356 3801 468 3853 lsnerat.
486 3797 595 3851 Plateia.
613 3794 645 3848 C.
662 3795 715 3860 zo,
734 3797 781 3848 ubi
800 3813 854 3851 vox
872 3797 968 3867 ἔρανος
984 3796 1115 3865 significet
1133 3801 1244 3867 pratia:

269 3883 366 3953 ἴρινος
390 3883 460 3934 enim
485 3880 572 3934 varin
595 3875 677 3931 habet
693 3878 885 3949 metaphoricos
906 3881 962 3935 sive
977 3880 1115 3934 translatas
1134 3879 1242 3950 signit-

270 3967 402 4032 cntiones‚
430 3965 470 4017 uti
494 3967 546 4033 jam
570 3963 658 4016 obiter
684 3966 785 4017 monui.
820 3961 886 4018 vid.
907 3964 1058 4018 Introduct.
1078 3965 1104 4030 ᾗ.
1126 3965 1152 4018 6.
1188 3961 1245 4018 Sed

269 4049 321 4102 hnc
347 4048 381 4099 de
406 4064 435 4098 re
459 4047 529 4098 infra
553 4063 601 4098 sno
625 4046 686 4099 loco
711 4047 855 4100 dicendum
879 4047 940 4099 erit.
984 4046 1025 4118 (6)
1045 4045 1132 4117 Qnem
1149 4044 1244 4100 Theo-
1312 4089 1315 4094 .

267 4127 372 4200 phrasti
388 4129 477 4182 locum
494 4136 525 4180 ut
543 4129 698 4198 expediant,
718 4130 765 4183 alii
783 4129 861 4186 aliern
875 4127 1016 4184 lectionem
1031 4136 1153 4184 tuentur.
1178 4129 1244 4189 virt.
1336 4137 1338 4142 '

267 4211 509 4281 trabeatione,
530 4215 592 4268 add.
610 4214 760 4274 Crsnnboni
777 4223 804 4272 et
823 4215 892 4275 suot
909 4214 1013 4272 Com.
1031 4215 1065 4273 at
1081 4215 1110 4274 h.
1128 4217 1148 4273 l.
