2904 4826
640 513 802 576 -69..

239 693 401 760 tradidisse
443 693 622 777 notionem',
660 713 717 778 pro
746 690 878 776 viribus,
911 693 982 757 satis
1013 708 1205 766 accuratam.

239 801 329 881 Quae
357 800 492 888 collegia
521 819 622 886 quum
654 807 756 862 essent
788 795 849 861 alia
872 795 1014 861 utilitatis
1037 809 1070 863 et·
1088 804 1205 888 volup-

238 903 309 968 tatis
333 924 427 968 causa
450 902 608 986 instituta,
636 900 779 965 utilitatis
804 910 836 966 et
860 902 1036 966 communis
1057 918 1205 990 quaestus

240 1003 339 1090 gratia
367 1004 445 1087 alia;
473 1003 566 1068 facile
594 1000 685 1085 inde,
715 1001 841 1087 opinor,
871 1003 1022 1088 suspicari
1047 1006 1137 1092 licet,
1165 1008 1206 1074 ad

240 1107 401 1196 quodnam
442 1106 570 1194 collegii
609 1126 707 1194 genus
741 1104 866 1191 judicia
897 1108 1063 1174 eranistica
1099 1113 1205 1197 pesti»

238 1222 349 1296 noant,
382 1233 465 1298 quae
496 1223 602 1284 tamen
632 1231 650 1273 e
683 1231 739 1275 sua
763 1208 930 1295 republica
954 1212 1086 1276 exsulari
1113 1213 1207 1298 jussit

239 1314 345 1399 Plato,
375 1334 451 1378 cum
482 1313 602 1378 diceret
625 1316 739 1398 ἐράνων
766 1313 801 1377 δέ
828 1313 916 1395 πέρι,
947 1318 1001 1381 τὸν
1023 1314 1208 1402 βουλόμενον

151 1439 155 1450 ·
242 1418 391 1504 ἐρανίζειν
416 1415 506 1500 φίλον
537 1418 620 1501 παρὰ
643 1413 762 1497 φίλοις,
789 1417 844 1483 ἐὰν
872 1416 907 1482 dd
932 1443 979 1492 τις
1001 1417 1134 1504 διαφορὰ
1159 1420 1209 1498 yi-

242 1549 353 1608 γνηται
379 1548 446 1608 περι
474 1529 530 1604 τῆς
558 1521 732 1608 ἐρανίσεως,
755 1524 833 1589 οὕτω
859 1529 1018 1610 πράττειν,
1046 1527 1088 1599 ὥς
1115 1525 1209 1591 otum»

242 1627 350 1710 μηδενί
369 1629 435 1714 περί
459 1635 573 1695 τούτων
593 1627 738 1710 μηδαμῶς
762 1626 910 1710 ἐσομένων
936 1623 992 1714 (l).
1038 1628 1141 1709 Quem
1156 1630 1210 1694 lo-

240 1753 332 1816 cum,
355 1730 525 1816 quominus
541 1727 582 1793 ad
596 1722 732 1814 collegia
745 1728 887 1794 utilitatis
898 1739 930 1792 et
939 1730 1105 1816 voluptatis
1116 1751 1210 1796 causa

238 1836 317 1902 inita
349 1836 538 1921 referamus,
569 1833 650 1900 nihil
681 1843 781 1916 retat3
811 1833 878 1920 qud
897 1831 1020 1918 judicia
1045 1834 1210 1900 eranistioa

238 1963 302 2006 non
326 1942 483 2028 pertinere
509 1941 579 2024 jam
604 1950 676 2004 ante
704 1939 885 2004 intulimus:
916 1939 964 2002 sin
990 1949 1097 2004 autem
1120 1940 1209 2005 Plato

241 2045 343 2110 socios
367 2041 560 2127 mercatura,
583 2052 639 2106 aut
659 2040 721 2107 alio
739 2040 852 2127 modo,
873 2053 1039 2131 quaestum
1059 2042 1211 2108 facientes

240 2145 437 2232 respexisset,
473 2168 539 2210 non
576 2167 651 2209 usus
684 2155 763 2210 esset
800 2145 903 2211 serbis
939 2150 993 2213 τὸν
1025 2147 1212 2234 βουλόμενον

242 2249 391 2333 ἐρανίζειν
411 2249 503 2333 φίλον
526 2253 609 2336 παρὰ
634 2247 743 2331 φίλοις.
789 2247 983 2334 Quicunque
1003 2249 1100 2337 igitur
1122 2253 1210 2318 ami-

242 2371 300 2414 cus
330 2349 415 2438 apud
440 2352 558 2418 amicos
585 2350 759 2440 (sacrorum
779 2347 886 2438 causa)
909 2353 1093 2437 epulaturus
1116 2370 1210 2444 esset,

241 2453 303 2519 hac
322 2453 377 2518 'de
408 2476 443 2519 re
472 2477 547 2520 eum
572 2456 631 2520 sibi
659 2477 842 2543 persuasum
867 2456 966 2521 soluit
989 2457 1097 2536 Plato,
1118 2464 1209 2528 nullo

239 2566 333 2642 pacto
358 2555 398 2622 de
421 2559 647 2644 controversia,
680 2561 706 2624 si
730 2581 794 2648 qua
820 2561 974 2646 oriretur,
997 2563 1121 2648 judicio
1142 2566 1211 2656 dis-

244 2670 405 2746 ceptatum
426 2659 475 2724 iri.
520 2661 646 2726 Poterat
668 2659 875 2726 nihilominus
897 2663 1017 2749 socius,
1043 2667 1069 2730 si
1084 2667 1162 2754 quid
1175 2671 1210 2735 in

243 2763 468 2830 detrimentum
483 2761 652 2828 sodalitatis
668 2765 889 2850 commisisset,
911 2767 1088 2834 asocietate
1100 2772 1210 2836 arceri.

285 2868 358 2933 illia
385 2877 491 2932 tamen
515 2885 684 2951 corporum
709 2867 881 2953 opiticum,
910 2891 974 2956 quo
999 2872 1133 2958 collegia
1157 2895 1212 2938 so-

242 2971 366 3056 dalitia,
391 2990 474 3058 quae
495 2968 619 3032 Solonis
641 2969 705 3056 legi
730 2971 841 3036 tribuit
861 2971 958 3058 Gajus
975 2970 1040 3062 (2),
1058 2973 1211 3039 reserun-

242 3087 310 3162 tur,
339 3086 406 3141 erat
435 3073 524 3139 ratio.
569 3073 656 3136 Haeo
679 3073 765 3138 enim
788 3095 938 3161 corpora,
970 3087 1005 3140 ut
1026 3077 1069 3142 ait
1087 3077 1212 3142 Aristo-

242 3183 336 3266 teles,
358 3183 437 3248 κατὰ
462 3176 539 3263 μέρη
565 3181 617 3242 τοῦ
640 3177 840 3262 συμφέροντος
862 3179 997 3261 ἐφίενται
1021 3175 1086 3268 (3);
1115 3199 1212 3242 com-

243 3284 350 3348 munis
378 3281 476 3369 igitur
507 3289 654 3366 quaestus
682 3281 781 3366 gratia
810 3283 952 3348 instituta
986 3295 1074 3368 suut,
1106 3283 1155 3348 uti
1175 3304 1212 3348 ex

245 3385 388 3472 ejusdem
422 3381 559 3448 auctoris
588 3380 691 3446 serbis
717 3391 738 3468 ἤ
765 3389 839 3472 πρὸς
865 3390 1008 3473 ἐργασίαν
1035 3394 1212 3475 χρημάτων,

242 3497 264 3574 ἦ
290 3517 322 3556 τι
347 3494 484 3556 τοιοῦτον
515 3485 609 3550 lacile
640 3487 749 3574 colligi
781 3501 891 3574 potest
935 3490 1045 3575 Hisce,
1066 3489 1212 3575 inquam,

244 3591 387 3679 collegiis
409 3588 597 3676 permissum
619 3598 685 3653 erat
703 3589 815 3676 stipem
838 3602 1030 3658 menstruam
1052 3592 1212 3678 conferre,

245 3715 311 3761 nou
341 3693 437 3778 adeo,
469 3703 506 3757 ut
528 3689 604 3756 inde
630 3702 772 3778 tempore
802 3711 962 3758 sacrorum
986 3693 1213 3780 jucundiorem

245 3796 397 3887 degerent
428 3797 529 3883 diem,
559 3794 615 3862 sed
642 3798 756 3884 magis,
783 3809 820 3862 ut
849 3797 925 3863 inde
949 3799 1112 3864 communi
1136 3821 1213 3866 orn-

245 3902 337 3968 nium
386 3900 543 3968 sodalium
585 3920 739 3966 consensu
778 3900 873 3966 simul
909 3923 980 3970 rem
1010 3917 1215 3990 quaererent;

240 4053 606 4072 ψ

278 4127 319 4194 (1)
340 4125 468 4180 Pressas
486 4121 618 4196 neggi„
638 4122 690 4176 xr.
709 4142 737 4192 p.
755 4124 817 4176 915.
835 4123 870 4174 n.
917 4124 958 4194 (ι)
978 4123 1015 4176 ν.
1030 4125 1066 4178 n.
1082 4127 1108 4178 s.
1126 4127 1164 4180 n.
1183 4128 1220 4182 os

243 4209 353 4274 collect
369 4227 444 4282 corp.
480 4209 521 4277 (3)
541 4207 607 4263 Vid.
626 4204 716 4262 Ethic.
735 4207 769 4260 ad
785 4205 890 4262 Nicom.
909 4205 943 4260 L.
962 4207 1046 4264 Vlll.
1065 4200 1150 4262 csll.
