2904 4826
682 483 843 549 ..32-

325 662 388 730 Sed
417 685 481 751 quo
519 662 643 750 longius
674 663 874 752 progreditur
905 666 945 754 in
979 667 1247 756 argumentando,

283 787 321 834 eo
344 769 439 834 etiam
463 769 563 856 magis
587 791 618 833 se
642 789 758 834 errasse
774 769 884 856 sentit,
906 769 1002 836 habet
1022 773 1246 858 nihilomiuus,

238 940 241 946 ,
283 895 348 960 quo
374 895 406 938 se
432 871 590 958 expediat,
620 873 665 937 nil
688 884 794 938 tamen
815 873 946 939 afferens
965 876 1054 960 nori,
1076 876 1137 940 nisi
1161 874 1249 962 quod

284 977 370 1042 diest
404 973 641 1064 temperandam
670 977 809 1062 priorem
836 998 924 1042 suam
952 999 1017 1042 esse
1046 978 1249 1060 sententiam,

283 1091 315 1146 et
342 1103 415 1147 sero
445 1081 599 1146 rationem
631 1101 696 1146 esse
723 1079 902 1146 habendam
931 1085 1045 1168 ἐράνων
1073 1086 1251 1166 εῖςπεπραγ-

281 1187 393 1270 μένων.
438 1187 526 1268 Quos
560 1208 670 1251 eranos
696 1185 741 1252 ita
764 1183 855 1250 reddi
883 1185 1051 1272 existimat,
1080 1197 1117 1250 ut
1139 1183 1251 1250 deliu-

180 1295 186 1308 '
283 1300 416 1377 quantes
439 1289 564 1375 judicio
592 1289 710 1376 possint
739 1289 820 1376 cogi.
872 1289 943 1371 Qua
968 1288 1007 1353 de
1031 1311 1066 1353 re
1085 1287 1168 1354 inira
1190 1287 1251 1352 erit

284 1389 412 1456 dicendi
444 1393 534 1457 locus
557 1390 614 1482 (1).
636 1391 769 1458 -Hoc
793 1389 891 1477 igitur
916 1392 1073 1456 monuisse
1102 1391 1250 1476 sufficiat,

284 1495 394 1580 ἔρανον
418 1494 452 1557 in
477 1493 596 1558 amicos
620 1515 735 1582 egenos
767 1492 904 1558 coulcrri
929 1494 1056 1559 solitum
1084 1495 1130 1561 nil
1162 1494 1250 1562 aliud

285 1619 350 1662 esse
373 1597 434 1662 nisi
456 1597 600 1664 debitum
621 1599 764 1666 naturale
787 1595 800 1688 (
821 1593 844 1686 ).

726 1702 755 1787 ς.
779 1703 809 1766 6.

328 1803 372 1867 Ex
395 1803 462 1888 jam
497 1821 591 1891 supra
625 1814 799 1868 memorato
833 1803 980 1870 Plautino
1012 1803 1084 1870 loco
1110 1805 1252 1893 quamvis

285 1917 433 1992 apparet,
464 1929 529 1971 uon
549 1907 643 1974 facile
669 1907 787 1971 amicos
810 1902 898 1969 hunc
923 1926 1055 1971 eranum
1080 1907 1140 1970 sibi
1164 1928 1251 1972 con-

283 2021 408 2075 secutos
445 2009 554 2092 iuisse;
586 2009 769 2099 praesertim
809 2029 910 2095 quum
946 2007 1150 2074 didicerimus
1185 2031 1251 2074 nou

285 2135 409 2200 semper
432 2123 541 2200 sponte
564 2113 733 2178 contulisse
756 2111 901 2202 amicos,
914 2111 970 2177 sed
991 2113 1168 2200 saepissime
1187 2133 1252 2176 non

282 2217 387 2304 prius,
416 2213 513 2304 qssm
542 2216 612 2304 quis
635 2216 786 2303 cuiquam
810 2215 987 2280 amicorum
1009 2218 1071 2282 sire
1096 2214 1250 2280 sodalium

283 2321 414 2406 supplex
435 2319 538 2383 factus
561 2318 669 2382 fuisset
688 2315 754 2408 (3);
777 2341 840 2384 non
866 2330 973 2384 tamen
998 2343 1017 2385 a
1038 2319 1151 2406 quovis
1175 2339 1253 2383 era-

282 2446 362 2490 num
396 2433 505 2510 petere
542 2424 711 2488 voluerunt
742 2422 939 2510 indigentes,
971 2445 1012 2488 ue
1038 2421 1073 2488 id
1106 2421 1193 2511 quod
1218 2421 1254 2486 in

284 2549 338 2592 eos
366 2527 562 2592 conferretur
591 2528 729 2614 speciem
757 2527 954 2612 ἐλεημοσύνης
983 2517 1130 2610 referret,
1159 2547 1251 2590 nun-

285 2651 381 2716 quam
417 2631 572 2717 nulloque
608 2640 702 2717 pacto
732 2627 928 2714 reddendae,
964 2627 1082 2715 quippe
1114 2649 1194 2714 quae
1219 2629 1253 2694 in

280 2751 436 2820 pauperes
458 2733 581 2819 erogari
603 2733 719 2796 soleret
742 2729 756 2821 (
777 2728 799 2820 ).

326 2831 503 2898 Accidebat
522 2845 628 2897 tamen
651 2855 901 2920 nonnunquam,
922 2845 959 2898 ut
972 2833 1068 2898 amici
1081 2835 1131 2898 rel
1145 2843 1254 2920 sponte

286 2931 418 3018 darent,
451 2934 501 2999 rel
531 2945 702 3022 postquam
732 2935 904 3022 pecuniam
935 2933 1070 3024 (toa-roo)
1097 2937 1198 3024 rogati
1224 2957 1256 3000 se

286 3037 457 3102 collaturos
490 3036 736 3122 promississeut,
769 3037 818 3102 uti
852 3059 889 3102 ex
925 3038 1129 3122 Terentiano,
1161 3055 1257 3123 quem

286 3141 468 3226 attulimus,
491 3140 563 3205 loeo
585 3141 736 3228 colligere
757 3141 833 3205 licet
854 3137 911 3230 (5).
941 3141 1012 3222 Quo
1033 3161 1126 3218 casu,
1148 3159 1189 3202 ne
1203 3137 1257 3229 ri-

270 3245 444 3310 darentur·
467 3244 562 3310 amici
597 3245 689 3334 egeni
725 3245 844 3310 similes
875 3246 930 3332 iis,
963 3246 1021 3332 qui
1052 3245 1255 3330 ἐλεημοσύνην

280 3358 442 3436 rogarent,
476 3346 629 3413 curabant
666 3370 698 3412 se
736 3370 834 3436 quam
874 3351 1008 3417 maxime
1048 3350 1249 3439 aequalibus,

283 3449 425 3536 ejusdem
459 3450 611 3516 nimirum
651 3451 733 3518 ritae
768 3450 958 3518 conditionis
993 3464 1089 3542 atque
1126 3454 1253 3537 aetatis,

284 3556 441 3642 supplices
482 3578 563 3642 esse,
604 3557 652 3622 uti
686 3568 839 3622 testantur
874 3570 1040 3647 sequentes
1073 3558 1252 3625 Terentiani

281 3679 400 3724 sersus:

312 3861 355 3930 (1)
375 3861 521 3917 (litamen
544 3863 654 3918 Herald.
671 3864 788 3922 Obserr.
812 3867 846 3919 ad
865 3865 914 3918 ius
936 3863 994 3917 Ars
1012 3868 1040 3916 et
1055 3861 1133 3914 llum.
1149 3859 1203 3916 vl.
1224 3865 1250 3916 3.

278 3943 320 4012 (2)
340 3941 408 3996 vid.
434 3946 502 3999 inira
529 3949 556 4014 p.
584 3950 627 4022 ll.
680 3951 721 4023 (3)
746 3950 813 4004 vid.
836 3951 946 4004 Plautus
972 3949 1001 4002 in
1027 3947 1150 4000 Asinaria
1176 3949 1200 4002 Ι.
1226 3952 1254 4005 3.

273 4023 388 4076 92-95.
433 4027 473 4098 (t)
493 4027 572 4082 Cont.
590 4029 701 4084 Salmas.
721 4033 754 4086 de
771 4032 868 4089 Usuris
885 4031 918 4084 G.
936 4033 963 4084 3.
978 4050 1006 4100 p.
1027 4030 1078 4098 395
1103 4031 1252 4088 Casaulron.

275 4103 463 4246 ((Τξοέιέὶιι.
478 4111 561 4172 ctu.
577 4114 610 4170 C.
630 4115 696 4173 XV.
714 4118 743 4186 §·
758 4118 785 4172 2.
822 4117 864 4188 (5)
883 4113 950 4174 Vid.
967 4115 1077 4174 Terent.
1095 4117 1124 4174 in
1141 4117 1250 4179 soom
