2886 4826
419 1003 471 1055 nu
490 1003 635 1070 curuo,
657 1005 744 1059 srva
763 1004 891 1059 couri
908 1003 1157 1058 couurrrrrr.
1226 988 1232 994 “

849 1181 858 1200 ἱ

640 1213 912 1234 m

377 1325 427 1446 ln
452 1405 590 1467 oausam,
614 1373 711 1470 quare
737 1384 776 1447 ab
808 1367 869 1449 boc
882 1385 989 1463 ¹lirani
1018 1406 1131 1472 genere
1163 1384 1265 1451 disse-

275 1531 279 1538 ·
308 1486 398 1550 rendi
424 1487 583 1552 exordium
608 1486 677 1572 liat,
699 1487 884 1574 inquirenti,
907 1488 1013 1571 facile,
1034 1487 1182 1573 arbitror,
1205 1489 1266 1552 erit

307 1614 505 1684 persuasum,
535 1603 675 1677 tempora
706 1592 847 1677 inprimis
878 1613 943 1657 erse
971 1591 1155 1678 repetenda,
1190 1591 1265 1678 qui-

306 1697 366 1760 bus
384 1696 510 1783 quaeris
534 1715 583 1758 res
606 1695 699 1780 vulgo
727 1695 760 1758 in
788 1694 931 1760 notitiam
950 1695 1142 1781 pervenerit5
1165 1713 1264 1778 quum

306 1801 402 1886 igitur
441 1811 598 1882 auctores,
645 1797 729 1884 apud
772 1821 850 1886 quos
885 1801 969 1866 vocis
1003 1805 1111 1887 ἐράνου
1146 1799 1263 1864 mentio

307 1903 460 1988 occurrit,
490 1913 535 1968 tot
564 1903 624 1966 sint
654 1901 740 1988 iique
774 1913 873 1966 aetate
907 1901 996 1967 valde
1028 1903 1110 1966 inter
1143 1922 1175 1964 se
1209 1897 1265 1962 di-

306 2017 435 2087 stantes3
471 2005 624 2091 originem
653 2003 800 2088 convivii,
828 2009 936 2090 ἐράνου
966 2003 1057 2087 dicti,
1089 2000 1263 2066 celebran-

307 2108 354 2192 di,
388 2109 413 2171 si
444 2109 633 2188 Homerum,
676 2113 802 2190 potitam
834 2107 926 2170 illurn
958 2106 1135 2191 principem
1171 2113 1264 2189 atque
1360 2147 1362 2152 .

306 2211 572 2298 antiquissimum,
604 2209 771 2296 sequamur
813 2220 990 2298 auctorem,
1023 2209 1090 2294 jam
1127 2229 1146 2271 a
1184 2206 1263 2270 belli

305 2315 429 2400 Trojani
455 2310 647 2398 temporibus
671 2309 828 2374 deducere
852 2331 1023 2396 possumus.

348 2421 394 2484 lle
424 2415 571 2482 conviviis
602 2414 686 2478 enirn
717 2414 890 2478 Homerum
921 2434 998 2478 voce
1033 2414 1137 2498 ἔρανος
1170 2429 1263 2472 usum

305 2521 413 2603 fuisse,
436 2541 511 2582 cum
536 2515 679 2601 aliunde,
701 2528 769 2585 tum
791 2517 825 2580 in
851 2516 960 2601 primis
985 2536 1021 2580 er
1045 2513 1103 2579 Od
1126 2513 1163 2577 A.
1187 2514 1260 2576 226.

305 2631 444 2706 apparet.
485 2619 547 2683 Ubi
566 2618 748 2694 Eustathius
773 2617 967 2704 docetillud
991 2640 1055 2682 esse
1079 2617 1263 2708 convivium

304 2723 482 2785 multorum
493 2718 627 2807 (πολλῶν
639 2723 732 2785 ’τινῶν
745 2715 885 2806 εὐωχίαν)
897 2717 953 2807 (1).
975 2718 1037 2782 Sed
1049 2738 1211 2782 caveamus
1221 2738 1262 2780 ne

304 2822 474 2908 collegium
503 2820 705 2886 eranistarum
730 2819 795 2884 huo
819 2813 989 2886 referamus
1011 2818 1067 2910 (2).
1112 2819 1162 2884 ud
1182 2841 1262 2884 nos-

303 2939 387 2990 trum
419 2925 515 3010 igitur
553 2927 677 3012 ἴρανον,
711 2922 796 3010 qnod
833 2923 959 3007 attinet,
996 2921 1260 3012 contrahebantur

303 3027 473 3116 antiquitus
496 3027 671 3100 societates,
704 3026 766 3090 sive
790 3025 893 3112 potius
921 3024 1114 3108 sodalitates,
1142 3023 1259 3110 quibus

288 3151 369 3192 vmos
394 3139 459 3193 erat
483 3149 571 3192 suam
592 3148 751 3216 quemque
774 3127 951 3212 portionem
968 3124 1008 3191 ad
1028 3147 1159 3190 coenam
1174 3145 1260 3189 oon·
1342 3205 1344 3209 ,

301 3231 397 3314 ferre,
425 3229 510 3294 unde
542 3251 648 3294 omnes
681 3229 777 3313 simul¹
802 3229 1054 3313 convivarentur,
1085 3249 1181 3316 quam
1204 3228 1260 3322 vif

300 3335 390 3399 rilem
432 3335 608 3420 portionem
646 3334 797 3422 συμβολὴν
831 3344 943 3399 vocant
977 3332 1177 3417 interpretes:
1217 3332 1262 3394 sic

302 3460 429 3526 quoque
446 3439 554 3504 Latine
578 3440 761 3527 symbolam
780 3439 883 3525 accipi
904 3437 943 3502 de
965 3437 1164 3500 convivarum
1180 3457 1261 3521 par-

300 3540 399 3625 tibus,
422 3551 597 3606 auctorest
621 3541 783 3606 Terentius
809 3539 866 3628 (3)
912 3539 983 3620 Quo
1010 3537 1151 3602 convivio
1180 3557 1262 3623 per-

300 3654 385 3725 acto,
415 3642 659 3708 dissolvebantur
692 3645 766 3707 illae
801 3641 994 3724 sodalitates,
1028 3661 1117 3704 secus
1155 3660 1190 3704 ac
1223 3641 1257 3702 in

300 3745 442 3828 collegiis
463 3745 582 3810 facturn
604 3746 787 3811 videbimus.

294 3939 645 3960 Μ

331 4009 373 4076 (1)
393 4007 436 4059 Cf.
455 3979 569 4080 Hesych.
586 4014 614 4064 in
629 4013 782 4085 ι’Ἑρανω
819 4011 860 4080 (2)
881 4010 1031 4064 Athenaeus
1047 4009 1142 4081 ἐράνου
1160 4009 1262 4061 lionae-

294 4089 344 4140 rici
368 4091 503 4143 nctionem
525 4094 606 4145 tradit
626 4093 795 4163 hujusmodi,
825 4102 855 4145 ut
878 4113 938 4148 cnm
955 4095 1071 4163 collegiis
1091 4094 1263 4144 eranistarum

293 4173 369 4228 facile
386 4175 510 4231 confundi
523 4176 613 4244 possit.
652 4178 693 4246 (3)
708 4177 740 4230 ln
750 4177 852 4232 Andria
864 4176 886 4228 1.
897 4179 941 4244 61,
953 4195 985 4230 ne
993 4176 1071 4246 plura
1080 4175 1138 4228 loca
1148 4175 1262 4227 afferam.
