2886 4826
1071 483 1130 552 Vll

161 703 327 795 advertit,
358 701 424 776 alia
455 697 593 802 egregie
616 695 825 786 emendavit,
855 696 1037 798 ipsumque
1047 697 1142 796 'Pa-¹
1303 803 1306 810 Δ

163 848 272 929 titum
294 844 339 920 ab
368 841 562 934 erroribus,
594 863 682 940 quos
706 837 891 946 Salmasius
923 841 993 940 jam
1021 843 1059 915 iu
1087 869 1131 920 eo

163 984 444 1089 reprehenderet,
464 982 655 1084 castigavit.
704 983 782 1084 Ego
804 1006 907 1072 vero,
926 983 963 1054 iu
985 1007 1023 1058 re
1044 983 1134 1059 elio-

165 1156 246 1206 rum
279 1126 544 1202 dissensionibus
577 1124 755 1226 ambigua,
788 1149 895 1226 neque
928 1127 1049 1220 ordino
1076 1129 1134 1204 illa

167 1270 352 1371 disposita,
375 1295 484 1373 neque
498 1268 659 1343 omuibus
671 1268 822 1368 numeris
835 1267 1007 1360 absolute,
1032 1295 1136 1344 num·

170 1413 255 1515 quid
273 1440 394 1516 operae
416 1415 565 1516 pretium
591 1413 750 1505 fecerim,
773 1410 923 1514 judicent
946 1413 1014 1490 alii.

216 1555 305 1632 Mihi
331 1580 440 1658 porro
467 1555 511 1632 de
541 1553 670 1630 Eme
698 1565 839 1646 acturo,
872 1555 1042 1630 Graemm
1069 1581 1138 1631 uo·
1261 1609 1265 1628 .

23 1705 26 1712 '
164 1723 243 1774 meu
276 1723 348 1800 quo
381 1697 497 1774 mirrus
529 1696 564 1774 iu
605 1695 706 1772 timlo
748 1695 850 1796 hujus
882 1695 989 1772 libelli
1018 1699 1139 1776 Latine

169 1839 364 1934 redderem,
388 1853 508 1918 auctor
521 1842 587 1917 fuit
600 1864 759 1918 rmmus
775 1863 990 1933 sescenos,
1010 1841 1141 1946 Bithy-

170 1985 245 2058 niae
271 1983 329 2060 ille
354 1985 566 2077 Praefectus,
589 1985 670 2088 qui,
691 2009 801 2088 quum
823 1985 936 2059 Iatioi
950 2009 1022 2061 rem
1036 1987 1142 2091 iguo-

169 2141 308 2222 remur,
337 2155 446 2231 neque
481 2131 661 2232 propriam
697 2129 777 2205 huic
807 2132 856 2204 rei
885 2157 1006 2208 vocem
1033 2131 1143 2207 hebe-

168 2285 263 2363 reut,
298 2272 336 2346 iu
368 2269 525 2370 Epistola
562 2268 711 2374 quadum
743 2269 788 2344 ad
822 2271 1014 2372 Trajuuum
1040 2295 1144 2374 super

169 2415 282 2492 ermis
309 2412 571 2502 Amisenorum,
595 2423 714 2511 utpote
743 2414 893 2486 Graecae
915 2409 1063 2488 civitatis
1084 2413 1144 2485 io*

174 2556 347 2646 colurum,
370 2557 537 2630 Graecam
562 2577 701 2658 quoque
727 2577 849 2631 rocem
872 2555 1009 2630 retinuit
1031 2557 1104 2659 (1).

223 2697 292 2775 Hic
316 2695 489 2798 praefandi
509 2698 614 2772 finem
636 2697 745 2772 facere
764 2707 940 2798 poteram,
964 2698 1029 2770 uisi
1047 2698 1145 2810 pium

174 2856 209 2919 et
230 2840 420 2943 jucundum
441 2838 528 2913 mihi
542 2851 728 2940 superasset
743 2839 909 2931 officium,
933 2849 1030 2939 grata
1044 2863 1149 2939 prae-

139 3015 143 3023 ·
174 2985 355 3060 teritorum
382 2981 629 3056 beneficiorum
656 2980 865 3074 recordatio,
890 2982 1049 3085 gratique
1070 2983 1148 3056 uni·

174 3124 457 3201 mi-teslificutio.
514 3123 797 3224 Praeoeptoribus
822 3123 947 3225 igitur,
978 3149 1146 3226 quorum,

177 3291 261 3378 oum¹
279 3265 315 3338 in
340 3264 431 3340 alme
454 3265 518 3340 hac
539 3267 715 3341 Musarum
740 3264 817 3338 sede
840 3263 1018 3366 degerem,
1042 3263 1149 3340 disci-

22 3431 23 3436 *
179 3403 275 3503 plina
305 3431 385 3480 cum
411 3404 568 3505 publica,
599 3419 674 3479 tum
701 3405 836 3509 privata
866 3408 933 3498 uti,
966 3419 1037 3480 tum
1066 3433 1150 3506 vero

179 3545 282 3620 etiam
298 3547 430 3622 euxiliis
443 3561 477 3622 et
489 3548 606 3628 favore
620 3549 688 3622 frui
702 3547 788 3622 mihi
802 3547 1000 3650 contigerit3
1021 3549 1150 3645 Vobis,

180 3687 320 3787 iuquam
327 3740 339 3780 ,
361 3689 439 3762 Viri
455 3690 659 3782 Clarissimi,
673 3691 801 3792 gratias
815 3689 957 3791 publice
964 3717 1032 3793 ago
1046 3719 1151 3796 quam

181 3855 324 3932 possum
344 3831 521 3909 maximas.
565 3833 641 3906 Tua
657 3832 832 3934 i‘uprimis,
854 3833 919 3906 Vir
933 3833 1008 3924 CL,
1031 3857 1152 3929 eurr,

220 4128 265 4202 (ll)
286 4131 350 4194 vid.
370 4131 445 4190 Plinii
464 4131 580 4208 Epistol.
599 4133 636 4189 X.
656 4130 692 4190 93
711 4143 739 4189 et
757 4129 801 4190 911.
