2886 4826
642 463 855 572 &10-

300 709 423 780 rentur3
451 699 599 783 locossic,
633 704 669 756 ut
693 693 726 754 io
748 691 829 754 riam
850 689 1028 773 redeamus,
1052 702 1097 754 est
1119 691 1165 756 od
1187 695 1260 779 ἔρα,

297 827 353 869 ooo
373 801 559 888 partiorem
590 796 666 860 hinc
699 797 835 880 ἰραυικαὶ
863 794 960 878 δίκας,
985 798 1118 879 ἔρανικός
1150 802 1258 880 νόμος,

300 905 339 970 de
374 905 489 992 quibus
513 901 594 966 infra
620 902 710 986 plura
737 897 920 964 ridebimus.
966 901 1032 967 Vox
1057 905 1183 986 ἐράυισις
1211 912 1257 964 est

297 1008 353 1071 illa
387 1003 574 1094 conferendi
590 1003 694 1080 actio3
717 1005 872 1087 ἐραυισμὸς
900 1003 1000 1088 magis
1031 1013 1148 1088 spectat
1172 1003 1259 1066 illius

301 1108 432 1174 actionis
453 1105 616 1187 ellectum,
640 1114 671 1166 et
700 1101 853 1188 significat
884 1105 1105 1182 collationem
1129 1115 1173 1167 est
1194 1104 1260 1189 igi-

299 1227 351 1280 tur
371 1211 513 1278 medium
534 1206 612 1295 quid
632 1207 714 1270 inter
736 1209 863 1291 ἰράυισις
884 1217 915 1270 et
937 1208 1060 1292 ξ’ραυυςς
1082 1203 1259 1291 cujusmodi

298 1316 364 1380 lere
398 1311 555 1377 distinctio
586 1331 613 1372 r.
644 1329 689 1395 gr.
714 1318 760 1371 est
788 1308 870 1370 inter
898 1328 989 1372 voces
1018 1309 1201 1391 ἐπιτήδευσις
1227 1319 1259 1370 et

298 1415 497 1496 ἐπιτήδευμα,
528 1431 662 1498 quarum
686 1409 772 1494 prior
805 1407 958 1495 significat
987 1413 1164 1494 actionem,
1195 1411 1257 1473 sive

299 1540 448 1606 operam,
473 1538 555 1604 qaae
576 1525 721 1578 meatur
728 1539 741 1592 3
769 1513 921 1599 posterior
945 1535 1018 1578 vero
1047 1515 1194 1598 effectam
1218 1536 1259 1578 aa

298 1621 360 1684 otto
384 1641 497 1706 oprero,
528 1617 590 1681 sire
612 1616 661 1705 id,
691 1618 746 1680 oar'
772 1637 904 1703 operam
931 1616 1020 1682 dant.
1065 1618 1182 1682 Nostris
1204 1627 1259 1682 ta-

298 1742 372 1784 men
417 1721 451 1784 in
492 1718 621 1784 vocibus
663 1716 821 1781 difficilius
856 1727 901 1780 est
939 1717 1021 1780 bene
1059 1717 1259 1806 distinguere.

298 1822 361 1886 Sed
383 1821 565 1896 discrimen,
591 1820 715 1907 siquid
740 1831 800 1903 est,
823 1841 894 1884 mea
920 1822 1086 1905 sententia,
1111 1821 1175 1886 huc
1200 1843 1259 1886 re·-

238 2002 240 2012 ι
291 1923 358 2008 dit,
392 1935 426 1989 ut
461 1928 588 2010 ἐράυιυις
615 1922 710 2008 possit
741 1923 885 2008 usurpari
913 1945 970 2009 pro
1002 1928 1172 2011 ἰραυισμὸς,
1195 1948 1260 1990 non

298 2030 375 2094 item
405 2027 486 2092 hacc
517 2047 574 2112 pro
606 2025 662 2088 illa
690 2045 783 2106 voee;
818 2025 862 2088 ita
893 2037 929 2090 ut
960 2029 1079 2113 i‘poooc,
1110 2047 1186 2091 cum
1220 2025 1260 2090 ad

297 2134 381 2200 hane
405 2131 533 2217 propius
561 2127 709 2211 accedat,
732 2151 824 2193 sensu
850 2131 1014 2196 collectiva
1044 2153 1107 2196 non
1137 2141 1261 2194 tantum

297 2236 490 2322 intelligatur
523 2233 719 2318 singulorum
748 2234 871 2318 pensio,
903 2259 1013 2301 veram
1044 2237 1136 2302 etiam
1166 2256 1260 2301 omne

297 2341 350 2426 id,
390 2337 476 2428 quod
501 2337 651 2400 collatum
684 2346 746 2418 est;
777 2335 866 2410 hinc,
892 2339 987 2404 etiam
1019 2339 1172 2424 accipitur
1204 2358 1263 2422 pro

298 2444 549 2524 consociatione,
583 2439 728 2528 callepio,
761 2441 824 2506 siro
851 2443 1021 2508 sodalitate
1049 2464 1174 2524 eorum,
1203 2440 1261 2526 qui
1333 2483 1336 2487 -

298 2547 515 2620 contulerunt,
548 2554 703 2630 quatenus
738 2545 816 2610 socii
852 2545 946 2610 totius
979 2525 1154 2611 collationis
1189 2556 1262 2610 sunt

297 2651 473 2736 participes.
518 2648 565 2710 Ita
596 2649 701 2731 enim,
730 2659 766 2712 ut
799 2647 893 2713 tradit
919 2651 1160 2736 Harpocration,
1192 2654 1263 2736 ἐρα-

299 2753 408 2832 υιστὴς’
429 2751 532 2830 μέντοι
565 2753 671 2836 κυρίως
695 2755 776 2819 ἐστὶν
801 2757 821 2818 o‘
846 2759 900 2818 τοῦ
927 2758 1035 2840 ἐράνου
1056 2758 1196 2842 μετέχωυ’
1218 2768 1265 2820 est

297 2853 393 2939 igitur
424 2857 577 2936 ἔραυιστὴς
604 2855 675 2937 ille,
703 2855 759 2939 qui
783 2876 923 2919 summae
949 2857 1098 2940 collatae,
1128 2871 1159 2922 et
1187 2879 1259 2922 rere

299 2955 393 3018 totius
424 2954 549 3040 collegii
579 2957 735 3042 particeps
758 2967 812 3021 est.
857 2957 940 3020 Hinc
971 2957 1087 3022 dicitur
1120 2962 1263 3047 εΐςφέριιυ

303 3063 344 3132 εἷς
364 3058 489 3143 ἕραυυυ,
512 3055 665 3143 πληρῶσαι
688 3062 742 3124 τὸυ
769 3060 889 3145 ἔρανον,
913 3071 980 3142 cet3
1002 3060 1057 3124 sed
1078 3060 1165 3126 aliud
1186 3059 1265 3148 quid
1362 3069 1366 3080 '

303 3169 349 3222 est
380 3161 521 3244 εῐςφέρειν
554 3162 680 3246 tarsos,
714 3161 771 3225 ubi
802 3163 907 3247 ἕραυυς
929 3163 975 3226 nil
1003 3162 1089 3227 aliud
1115 3177 1175 3249 est,
1204 3165 1265 3228 nisi

255 3336 258 3342 ρ
303 3261 432 3326 collatio
454 3261 664 3348 singulorum,
688 3265 749 3326 sire
778 3263 811 3326 in
821 3340 825 3350 „
833 3283 938 3326 arcam
960 3285 1179 3348 communem,
1202 3265 1264 3330 sive

301 3367 336 3430 in
360 3365 510 3450 privatam
532 3365 627 3429 amici
651 3366 742 3451 egeni
772 3365 954 3448 utilitatem,
977 3385 1040 3452 quo
1071 3388 1145 3432 casu
1178 3387 1265 3453 quo-

304 3489 366 3554 que
390 3466 531 3531 collectio
553 3477 681 3532 vocatur
704 3487 722 3530 a
744 3465 925 3533 Casaubono
949 3463 1021 3553 ().

347 3668 492 3758 Singulas
527 3672 622 3759 igitur
658 3670 942 3736 Grammaticorum
971 3681 1111 3743 veterum
1142 3673 1267 3757 exposi-

304 3771 422 3856 tiones,
460 3795 535 3837 oum
568 3775 651 3858 jam,
679 3783 833 3858 quantum
855 3770 895 3835 ad
917 3773 1001 3836 vocis
1037 3773 1265 3860 Etymologiam

303 3873 483 3960 variamque
523 3875 590 3958 ejus
629 3874 889 3960 significationem
933 3875 1149 3942 illustrandam
1194 3877 1267 3957 satis
1357 3872 1359 3876 ’

306 3983 365 4054 est,
394 3974 664 4059 explicaverimus3
693 3999 786 4042 nemo
813 3977 884 4062 erit,
909 3977 1019 4064 credo,
1042 3979 1098 4066 qui
1123 3995 1186 4044 non
1207 3980 1266 4042 in-

335 4182 377 4252 (l)
399 4183 443 4236 Ad
460 4181 599 4254 Theophr.
618 4184 699 4240 Char.
719 4185 750 4240 C.
770 4184 834 4242 XV·
854 4185 879 4254 d.
899 4187 924 4238 2.
