2886 4826
274 492 349 560 Vlll

275 710 461 781 Promotor
487 699 782 792 aestumatissime,
805 699 897 781 hisce
920 726 1057 802 quoque
1078 701 1247 801 tempori-2

274 851 340 923 bus
364 848 406 922 de
428 875 483 922 me
506 847 627 918 merite
651 845 735 947 quin
759 846 945 941 celebrem,
969 848 1076 922 facere
1102 871 1244 946 nequeo.

275 992 359 1068 Tibi
380 991 471 1066 enim
490 989 716 1091 collegaeque
730 992 810 1065 Tuo
823 1013 1133 1082 rerumrerum,
1156 989 1246 1064 Viro

276 1121 492 1223 Clarissimo,
516 1131 544 1204 si
564 1129 647 1232 quid
664 1131 698 1204 in
719 1132 857 1206 Graecis
879 1132 1074 1234 Latinisque
1088 1133 1247 1234 Scripto-

274 1275 369 1347 ribus
384 1273 641 1375 interpretandis
653 1274 772 1366 valeo,
796 1273 832 1347 id
848 1300 948 1349 omne
961 1303 1016 1350 me
1028 1275 1148 1352 debere
1162 1303 1245 1360 ,sen-

159 1381 161 1386 i
275 1419 324 1491 tio
345 1431 446 1521 atque
468 1419 643 1518 profiteor.
661 1477 664 1484 .
683 1418 754 1494 Nec
767 1419 820 1493 Te
834 1416 960 1510 silebo,
975 1441 1243 1510 assemsum,

234 1610 235 1614 =
276 1561 342 1633 Vir
368 1560 588 1651 Doctissime,
612 1560 672 1661 qui
696 1561 830 1663 primus
856 1559 942 1635 mihi
966 1587 1087 1638 verum
1109 1561 1245 1636 Litera-
1335 1573 1337 1576 ’

275 1727 520 1778 rememorem
535 1701 726 1794 instillasti,
741 1701 910 1805 mihique,
935 1727 1007 1803 quo
1019 1703 1150 1801 majore
1163 1719 1244 1775 cunt

276 1844 452 1945 voluptate
480 1856 514 1917 et
542 1843 684 1916 utilitate
715 1842 926 1919 Academicis
949 1843 1075 1918 scholis
1101 1835 1247 1917 interes-

277 2016 370 2082 sem,
394 2001 513 2062 auctur
533 1986 733 2087 adjutorque
751 1985 856 2062 suisti.
911 1986 993 2062 Tibi
1008 2011 1164 2088 quoque,
1185 2008 1246 2058 uec

275 2131 390 2206 minus
408 2129 496 2202 Viro
512 2128 709 2204 Clarissimo
725 2153 887 2219 eramo,
911 2153 977 2228 pro
997 2126 1167 2200 librorum
1181 2151 1244 2200 co-

151 2359 154 2367 .
275 2270 350 2371 pia,
376 2297 464 2375 quos
490 2269 578 2344 mihi
599 2297 639 2344 ex
658 2267 868 2346 Bibliotheca
892 2267 1069 2362 leidensi,
1094 2294 1160 2368 pro
1184 2295 1244 2360 ea,
1267 2301 1271 2313 ·

272 2437 345 2514 qua
377 2411 457 2485 estis
491 2409 716 2503 humanitate,
754 2407 979 2508 inspiciendos
1016 2408 1244 2512 legendosque

274 2551 504 2640 concessistis,
527 2564 663 2650 gratum
686 2550 795 2624 resero
817 2551 1003 2628 animum·
1033 2553 1107 2625 Vos
1128 2579 1245 2630 omnes

274 2689 437 2792 denique,
462 2691 540 2787 Viri
564 2689 752 2764 Clarissimi
777 2703 812 2764 et
832 2692 1051 2785 Doctissimi,
1073 2696 1243 2795 Praecep-

274 2843 367 2904 tores
390 2835 639 2931 Fautoresque,
656 2833 763 2906 ‘Deus
786 2832 830 2906 Ο.
848 2834 896 2907 Μ.
925 2846 1036 2910 servet
1060 2832 1120 2907 diu
1144 2835 1244 2908 inco·

273 2973 402 3065 lumes,
425 2972 559 3048 Patriae
581 2985 615 3044 et
640 2970 838 3046 Academiae
863 2971 933 3046 luci
956 2985 990 3046 et
1015 2972 1148 3049 decori:
1173 2975 1244 3048 mi-

273 3088 379 3219 hique
403 3113 515 3192 favere
539 3115 711 3216 pergatis,
735 3125 775 3188 ut
799 3113 944 3207 fecistis,
969 3115 1103 3189 animus
1131 3129 1243 3216 sperat

274 3271 309 3331 et
332 3257 464 3357 optat!¹

324 3398 453 3500 Scripsi
475 3395 865 3498 Lugduni-Batavorum
885 3412 962 3472 ante
982 3397 1072 3473 diem
1092 3424 1150 3478 vr.
1167 3401 1245 3474 Ka-

274 3541 390 3619 lendas
414 3541 582 3636 Quintiles
606 3566 879 3620 runcocxxxrr.
