2904 4826
669 509 832 571 -70-

260 707 329 776 quo
361 685 474 752 molius
506 687 689 774 canalium,
716 690 807 775 cujus
839 711 932 755 causa
958 692 1139 758 societatem
1163 696 1233 761 ini-

263 799 352 874 rent,
373 800 622 874 assequerentur.

307 897 416 980 Quum
437 895 533 984 igitur
558 897 735 983 saepissime
754 895 929 983 accideret,
952 910 988 963 ut
1009 897 1049 964 de
1070 911 1232 966 menstrua

262 997 319 1064 illa
352 999 446 1086 stipe,
475 998 538 1063 siro
570 997 610 1063 de
641 1001 732 1078 lucro
765 1011 818 1068 aut
846 999 982 1086 damno,
1012 1023 1089 1068 cum
1112 1003 1230 1090 bujus-

262 1098 349 1166 modi
384 1099 584 1166 societatibus
620 1103 809 1186 conjuncto,
842 1103 913 1168 lites
934 1104 1106 1187 orirentur3
1140 1125 1230 1171 seve·
1266 1143 1267 1146 ν

261 1204 398 1272 rioribus
432 1204 555 1291 legibus
590 1203 752 1292 (ἐρανικοῒς
786 1202 901 1294 νόμοις)
939 1207 1012 1272 illae
1053 1207 1229 1274 sodalitates

261 1319 351 1375 erant
382 1306 562 1390 adstrictae,
594 1327 672 1394 quas
703 1309 760 1395 qui
791 1310 962 1396 migrarent
992 1311 1122 1397 judiciis
1149 1333 1227 1376 era-

260 1413 381 1479 nislicis
403 1411 569 1501 (deuersoria
591 1409 703 1501 δίκαις)
726 1411 847 1480 fiebant
870 1417 997 1482 obnoxii
1015 1415 1080 1505 (1),
1104 1416 1160 1488 ubi
1169 1417 1230 1501 jn-

258 1517 347 1583 dices
372 1516 525 1582 sedebant
548 1538 599 1580 sex
626 1538 663 1582 ex
688 1517 888 1586 Archontuns
913 1522 1049 1609 collegio
1074 1521 1232 1586 Tbesruo-

259 1621 365 1686 thetae
390 1617 453 1709 (2),
481 1620 590 1707 queris
616 1643 725 1687 mense
758 1623 798 1689 de
825 1624 1008 1711 hujusmodi
1035 1625 1144 1690 litibus
1170 1646 1231 1690 co-

260 1735 458 1815 gnoscentes:
483 1725 666 1814 spectabant
678 1730 765 1794 enim
774 1730 898 1815 judicia
912 1743 1141 1813 tenerorum,
1160 1740 1229 1793 turn

259 1842 479 1898 mercaturam.
531 1833 585 1898 Sic
613 1835 856 1921 Harpocration:
881 1838 1019 1920 Ιἕμμηνοι
1048 1835 1138 1900 δίκαι’
1162 1837 1229 1898 αἵτε

257 1937 418 2019 ἐμπορικαὶ
440 1937 493 1999 καί
515 1937 664 2020 ίρανικιιί.
695 1937 894 2021 Δημοσθένης
915 1940 967 2002 καὶ
984 1935 1183 2024 Ὑπερίδης(
1205 1933 1227 2024 ).

260 2035 479 2103 Demosthenis
493 2036 580 2120 loca,
605 2057 687 2123 quae
700 2038 835 2124 respexit
848 2038 1092 2124 Harpocration,
1114 2047 1232 2102 exstant

260 2141 343 2229 duo,
364 2143 443 2208 alter
467 2140 501 2206 io
528 2139 677 2206 Oratione
702 2139 742 2206 de
767 2141 940 2232 Haloneso‚
962 2139 1019 2228 qui
1044 2140 1090 2204 sic
1111 2159 1144 2202 se
1168 2137 1231 2202 ha-

258 2247 332 2314 bet:
378 2245 426 2328 ἐφ’
458 2251 530 2330 ἡμῖν
563 2247 622 2330 γὰρ
657 2240 697 2327 ἢν
734 2251 754 2327 η’
786 2244 988 2324 Μακεδονία,
1032 2244 1085 2308 καί
1121 2244 1231 2327 φόρους

262 2361 335 2440 ἡμῖν
366 2355 469 2440 ἔφερε,
506 2352 557 2416 καί
589 2356 652 2424 τοῖς
683 2349 852 2435 ἐμπορίοις,
880 2356 947 2413 τότε
968 2344 1086 2431 μᾶλλον
1112 2349 1228 2429 sisio,

262 2463 346 2544 ἡμεῖς
376 2479 409 2521 τε
436 2461 498 2530 τοῖς
527 2457 603 2534 ἐκεῖ,
636 2459 770 2535 sacrivos
801 2459 864 2528 τοῖς
890 2452 963 2538 παρ’
989 2455 1060 2534 ὑμῖν
1089 2452 1228 2535 ἐχρῶντο.

260 2563 314 2627 καί
349 2559 508 2644 ἐμπορικαὶ
538 2556 622 2622 δίκαι
660 2557 715 2622 οὐκ
746 2552 823 2638 ἦσαν
855 2556 954 2642 ὥσπερ
987 2562 1044 2624 νῦν
1079 2556 1230 2641 α’κριβιῒς,

260 2669 297 2731 αἱ
320 2667 400 2730 κατὰ
431 2669 514 2746 μῆνα
540 2667 679 2727 ποιοῦσαι
704 2661 801 2745 μηδὲν
828 2662 949 2728 δεῖσθαι
976 2658 1135 2748 συμβόλων
1161 2662 1230 2732 τοδς

259 2773 402 2833 τοσοῦτον
424 2762 570 2845 atleta
591 2763 764 2849 ἀπέχοντας
791 2789 819 2827 κ.
840 2789 869 2828 τ.
890 2761 921 2828 ί.
945 2758 1002 2852 (t).
1046 2759 1136 2825 Alter
1159 2759 1230 2824 De-

259 2869 431 2936 mosthenis
457 2868 546 2932 loeus
573 2865 670 2930 fidem
698 2867 775 2932 iacit
801 2867 855 2952 iis,
886 2887 968 2955 quae
992 2864 1088 2930 modo
1111 2863 1150 2929 de
1167 2864 1231 2949 ju-

261 2974 353 3040 diciis
388 2981 584 3036 mercaturae
624 2991 719 3036 causa
758 2970 953 3059 rigentibus,
989 2969 1228 3052 affirmavimus,

259 3076 319 3143 ubi
340 3074 492 3140 nimirum
507 3071 633 3157 judices
655 3071 806 3140 sedebant
823 3072 1077 3139 Thesmotbetae:
1098 3079 1163 3147 τοῖς
1173 3075 1232 3155 μίν

255 3183 413 3267 ,ἐμπόροις
445 3177 564 3264 inquit,
594 3172 620 3242 ὦ
647 3179 757 3264 ἄνδρες
775 3180 951 3263 «αθηναῖοι,
978 3181 1030 3244 καί
1060 3184 1123 3253 τοῖς
1151 3203 1230 3246 ναν-

260 3285 379 3373 stupea
413 3282 525 3352 astruo
559 3287 579 3350 o‘
612 3291 702 3366 νόμος
743 3276 822 3350 εἶναι
856 3287 913 3359 τὰς
946 3283 1034 3357 δίκας
1060 3285 1137 3369 πρὸς.
1159 3289 1230 3360 τούς

260 3385 465 3472 θεσμοθέτας,
495 3391 550 3453 ἐάν
575 3411 605 3452 τι
637 3387 805 3453 ἀδικῶνται
828 3389 862 3454 ἓν
889 3390 933 3472 τῷ
955 3386 1105 3472 ἐμπορίῳ,
1133 3393 1154 3471 ἤ
1179 3391 1230 3456 ἒν-

259 3490 354 3558 θίνδε
374 3514 428 3555 ποι
449 3488 608 3570 attona,
630 3493 651 3572 ι)
672 3488 820 3574 ἑτέρωθεν
843 3490 927 3576 δεῦρο
948 3514 977 3553 κ.
992 3513 1021 3554 τ.
1036 3488 1104 3579 δι(
1125 3488 1146 3579 ).

305 3591 430 3674 Quibus
453 3591 550 3678 igitur
574 3590 713 3658 Oratoris
734 3592 814 3656 locis
839 3591 921 3657 inter
941 3613 973 3656 se
999 3593 1137 3676 collatis,
1168 3615 1229 3678 ap-

259 3703 350 3783 paret
380 3691 504 3780 judicia
533 3693 589 3758 illa
622 3703 696 3758 ante
727 3692 867 3780 Philippi
898 3691 1099 3759 Macedoniae
1130 3694 1229 3781 Regis

268 3864 624 3882 Ἤ

294 3953 335 4022 (1)
354 3951 421 4007 Via.
437 3956 536 4008 Pollux
554 3955 588 4008 L.
604 3954 688 4009 Vlll.
706 3974 727 4008 s.
737 3955 779 4008 37.
797 3955 889 4024 ibique
908 3953 1031 4008 Kubnius
1047 3972 1075 4006 n.
1091 3954 1125 4008 tt
1134 3979 1141 4022 ς
1160 3957 1230 4010 conf.

254 4035 349 4087 alst.
386 4037 426 4106 (2)
438 4036 503 4091 Vid.
520 4057 598 4108 supra
607 4041 633 4107 d.
644 4041 671 4094 8.
681 4037 709 4093 h.
719 4059 743 4093 o.
780 4039 821 4108 (3)
841 4037 908 4091 Vid.
926 4035 1027 4092 Valesii
1045 4037 1134 4094 Notae
1151 4059 1178 4111 p.
1188 4043 1233 4096 25.

206 4131 214 4144 ⁸
258 4115 304 4186 (l)
323 4114 388 4170 vid.
405 4137 433 4186 p.
452 4121 496 4172 79.
515 4121 593 4175 Tom.
613 4121 638 4174 l.
652 4123 685 4174 R.
723 4123 764 4192 (5)
784 4121 849 4174 vid.
870 4117 947 4173 Orat.
965 4127 1058 4174 contra
1075 4122 1234 4190 Apaturium

261 4218 290 4275 p.
305 4201 366 4256 900.
384 4199 462 4256 Tom.
474 4203 574 4274 tt.tt.;
592 4205 654 4259 add.
673 4205 793 4266 unverre
813 4205 916 4286 Petitus
933 4204 965 4261 ad
982 4202 1042 4261 lrlr.
1061 4203 1119 4261 Διί.
1133 4224 1161 4277 p.
1174 4207 1236 4260 518.
