2904 4826
599 525 762 588 -ss-
872 481 878 488 ’

288 701 396 756 Somnos
413 699 540 754 eludendi
557 700 701 756 occisio'st
716 702 754 756 ml
770 702 842 757 nine
859 719 952 772 senes,

289 787 326 841 Et
343 784 491 840 Phaedriae
508 802 599 840 curam
616 785 733 840 ddimers
750 787 923 858 srgsntlrisns

286 866 330 924 Ne
346 869 469 940 ediquem
485 885 595 922 snorum
611 867 763 939 nequitiam
780 871 894 939 supplex
911 869 961 924 sict
980 867 1034 940 (1).

241 1022 281 1088 Et
300 1043 373 1088 sero
398 1021 546 1107 aequales
570 1021 738 1086 convenire
763 1023 870 1088 auxilii
893 1020 1049 1110 indigenti
1069 1021 1165 1086 selu·-

197 1126 285 1212 gium
318 1133 385 1190 erat
416 1122 621 1188 tutissimum:
650 1122 788 1191 babebat
821 1127 906 1192 enim
935 1147 1028 1192 senex
1053 1125 1166 1191 nemi-

198 1249 290 1314 nem,
324 1227 416 1313 cujus
440 1224 689 1292 misericordiam
714 1228 863 1295 excitaret
881 1229 982 1318 magis
1003 1229 1081 1315 illo,
1108 1229 1166 1318 qul

199 1329 369 1395 senectutis
394 1349 490 1394 onera
518 1329 614 1394 ferret
637 1328 714 1416 ipse.
758 1331 840 1396 llinc
866 1342 1078 1398 non‘tantum
1100 1355 1167 1420 pe-

199 1434 340 1499 riculum
369 1433 515 1500 lecerunt
538 1436 729 1520 amicorum,
757 1457 867 1502 verum
892 1437 986 1504 etiam
1010 1435 1167 1504 sodalium
1259 1509 1261 1522 ,

201 1531 370 1625 (ἑταίρων),
392 1537 584 1625 quibuscum
604 1538 721 1603 arctius
742 1538 899 1606 amicitiae
918 1540 1084 1608 vinculum
1100 1553 1167 1609 erat

203 1649 411 1722 contractum.
456 1643 561 1726 Quare
587 1643 747 1733 eleganter
766 1642 934 1710 Philemon
954 1645 1117 1714 Comicus:

294 1768 375 1821 'All'
390 1770 498 1844 {corpor
515 1773 564 1826 sol
581 1773 658 1835 estet
673 1789 718 1825 cos
734 1772 783 1825 sol
800 1776 947 1842 συνήθεις,
964 1777 998 1843 νὴ
1014 1777 1086 1840 Ass,

290 1852 415 1924 'Eperos
433 1859 602 1916 sicoloooon·
620 1856 706 1925 adgeri
723 1859 762 1923 sss)
780 1856 881 1922 λαβεῖν
897 1863 999 1927 πεῖραν
1016 1859 1117 1921 φίλων,

293 1933 333 1986 El
344 1937 376 1988 dd
384 1940 435 2006 μὴ,
445 1937 556 2006 νούσοις
565 1937 599 1990 ἂν
608 1937 709 1996 αὐτοὺς
718 1933 784 1986 ἄλλο
793 1937 882 2005 μηδὲν
890 1937 962 2006 πλὴν
972 1941 1049 1992 ansts
1060 1927 1115 2012 (2).Ι

246 2053 333 2121 llaec
362 2056 459 2142 igitur
485 2057 636 2143 subjecit,
664 2066 830 2143 postquam
853 2057 953 2122 varios
977 2065 1172 2130 enumeravit

203 2178 311 2242 cesus,
334 2160 451 2247 quibus
478 2159 623 2226 homines
642 2157 768 2224 lortnnd
787 2157 947 2246 perfuncti
968 2160 1009 2226 ad
1029 2184 1173 2252 pauper-

206 2271 303 2326 tatem
333 2261 462 2328 tandem
491 2262 593 2350 redigi
623 2270 756 2349 possent.
801 2261 853 2326 llli
878 2261 965 2327 enim
987 2249 1083 2349 bujus
1105 2269 1174 2335 Co-

203 2361 282 2428 mici
302 2383 407 2430 sersus
430 2364 501 2430 satis
525 2362 690 2430 ostendere
712 2360 792 2428 mibi
814 2360 975 2448 videntur,
1000 2365 1110 2452 ἔρανον
1131 2369 1172 2436 ab

204 2464 332 2550 amicis,
355 2465 529 2552 sodalibus,
552 2465 763 2551 omnibusque
785 2462 913 2529 omnino
935 2467 1176 2538 necessitudinis

205 2569 334 2634 vinculo
354 2570 535 2656 conjunctis
556 2569 591 2635 in
606 2568 747 2636 amicum
766 2587 906 2656 egenum
926 2578 958 2633 et
978 2567 1176 2656 indigentem

208 2673 347 2741 conferri
384 2674 520 2739 solitum.
575 2669 671 2756 Quod
705 2681 812 2737 tamen
843 2691 940 2758 quam
970 2670 1112 2738 minime·
1135 2673 1176 2740 sit

207 2777 397 2865 optandum,
425 2777 545 2844 indicat
562 2777 754 2853 Philemon,
777 2775 979 2862 interserens,
1010 2776 1057 2842 nil
1088 2798 1174 2864 esse,

207 2880 295 2970 quod
315 2892 435 2948 metuat
456 2881 512 2946 ille
533 2903 668 2970 egenus,
690 2891 815 2968 praeter
841 2879 939 2966 illud,
961 2901 1003 2946 ne
1026 2880 1066 2946 ab
1087 2882 1177 2948 ami-

207 2983 254 3050 cis
280 2985 438 3070 repulsam
461 2984 558 3068 ierat,
587 3006 666 3073 quos
687 2983 832 3072 periculo
856 2983 985 3049 illorum
1009 2983 1093 3051 lacto
1116 3007 1177 3053 re-

208 3087 310 3173 periat
353 3087 473 3154 amicos
509 3096 633 3154 tantum
671 3086 817 3170 nomine,
853 3105 918 3150 non
947 3107 1036 3150 seros
1070 3086 1175 3154 luisse.

208 3189 272 3255 Sed
295 3211 337 3254 ne
366 3187 449 3254 illud
472 3187 602 3276 quidem
627 3209 720 3276 aegro
745 3185 912 3254 ferendum
935 3210 1000 3254 esse
1023 3189 1096 3276 ipsi,
1120 3192 1177 3278 qui

209 3294 287 3358 sciat
309 3314 362 3356 eos
386 3292 432 3356 nil
454 3312 519 3355 esse
542 3290 602 3354 nisi
628 3289 790 3376 umbram,
812 3289 934 3357 homini
959 3290 1083 3356 scilicet
1102 3290 1177 3368 forti

122 3445 128 3450 .
209 3405 241 3459 et
267 3393 423 3460 constanti
446 3391 660 3480 propositique
684 3392 810 3477 tenaci,
839 3392 894 3458 cni
921 3391 968 3456 nil
992 3392 1089 3479 possit
1115 3415 1178 3459 ac-

210 3495 317 3562 cidere
336 3495 428 3579 mali,
457 3493 544 3581 quod
568 3515 633 3559 non
656 3513 763 3559 resera
782 3494 903 3558 malum
925 3493 978 3579 sit,
1007 3494 1177 3582 omniaque

197 3619 293 3685 .quae
325 3597 473 3684 opinione
503 3595 680 3662 habeantur
711 3595 796 3661 mala
822 3595 916 3661 facile
941 3595 1094 3662 memoril
1116 3619 1178 3662 ex-

213 3701 335 3786 cidere,
356 3697 444 3765 bsud
463 3719 553 3764 seem
577 3709 672 3786 atque
692 3696 807 3765 umbro
825 3697 936 3785 effugit
958 3685 1181 3785 conspectum:

243 3974 285 4044 (1)
304 3971 370 4026 Vid.
388 3971 497 4028 Terent·
514 3973 582 4030 ibid.
600 3971 638 4029 V.
654 3975 681 4027 7.
699 3975 727 4028 2.
763 3974 806 4045 (2)
826 3972 997 4043 vispete.
1015 3973 1058 4026 ed.
1074 3973 1183 4030 Clerici.

214 4055 295 4110 Conf.
311 4055 424 4111 casaub.
441 4059 476 4110 ad
492 4055 631 4130 Theopbr.
650 4059 672 4111 l.
688 4059 729 4126 l.,
748 4075 781 4112 οι
795 4061 871 4130 cujus
888 4055 1090 4126 emendations,
1108 4076 1148 4114 vs.
1158 4061 1185 4112 3.

215 4139 378 4194 restituimus
413 4142 535 4212 αὐτοὺς,
559 4146 690 4215 probante
714 4141 830 4210 Grotio;
865 4142 932 4196 olim
953 4141 1025 4219 spim
1040 4141 1188 4215 'legebatur

222 4223 371 4288 vtflvwlt,
388 4226 463 4298 quot
481 4224 845 4290 enumerationum.
865 4227 922 4280 Au.
940 4242 968 4298 p.
986 4225 1047 4279 tte.
