<?xml version="1.0" encoding="UTF-8"?>
<!DOCTYPE html PUBLIC "-//W3C//DTD XHTML 1.0 Transitional//EN"
    "http://www.w3.org/TR/xhtml1/DTD/xhtml1-transitional.dtd">
<html xmlns="http://www.w3.org/1999/xhtml" xml:lang="en" lang="en">
 <head>
  <title>
</title>
<meta http-equiv="Content-Type" content="text/html;charset=utf-8" />
  <meta name='ocr-system' content='tesseract 3.04.00' />
  <meta name='ocr-capabilities' content='ocr_page ocr_carea ocr_par ocr_line ocrx_word'/>
</head>
<body>
  <div class='ocr_page' id='page_1' title='image "./specimenantiqua00holsgoog_0060.png"; bbox 0 0 2886 4826; ppageno 0'>
   <div class='ocr_carea' id='block_1_1' title="bbox 681 495 854 558">
    <p class='ocr_par' dir='ltr' id='par_1_1' title="bbox 681 495 854 558">
     <span class='ocr_line' id='line_1_1' title="bbox 681 495 854 558; baseline 0 -16"><span class='ocrx_word' id='word_1_1' title='bbox 681 495 854 558; x_wconf 53' lang='grc' dir='ltr'><strong>..ομ</strong></span> 
     </span>
    </p>
   </div>
   <div class='ocr_carea' id='block_1_2' title="bbox 286 677 1241 870">
    <p class='ocr_par' dir='ltr' id='par_1_2' title="bbox 286 677 1241 870">
     <span class='ocr_line' id='line_1_2' title="bbox 287 677 1241 750; baseline 0.004 -6"><span class='ocrx_word' id='word_1_2' title='bbox 287 679 433 744; x_wconf 88' lang='lat' dir='ltr'><strong>instituta.</strong></span> <span class='ocrx_word' id='word_1_3' title='bbox 478 679 514 743; x_wconf 90' lang='lat' dir='ltr'><strong>ln</strong></span> <span class='ocrx_word' id='word_1_4' title='bbox 535 679 583 743; x_wconf 81' lang='lat' dir='ltr'><strong>liis</strong></span> <span class='ocrx_word' id='word_1_5' title='bbox 605 684 709 745; x_wconf 84' lang='lat' dir='ltr'><strong>autem</strong></span> <span class='ocrx_word' id='word_1_6' title='bbox 735 677 881 742; x_wconf 80' lang='lat' dir='ltr'><strong>conviviis</strong></span> <span class='ocrx_word' id='word_1_7' title='bbox 900 687 986 742; x_wconf 79' lang='lat' dir='ltr'><strong>saeta</strong></span> <span class='ocrx_word' id='word_1_8' title='bbox 1009 680 1103 746; x_wconf 84' lang='lat' dir='ltr'><strong>etism</strong></span> <span class='ocrx_word' id='word_1_9' title='bbox 1115 683 1241 750; x_wconf 82' lang='lat' dir='ltr'><strong>Domini</strong></span> 
     </span>
     <span class='ocr_line' id='line_1_3' title="bbox 286 779 1240 870; baseline 0.005 -25"><span class='ocrx_word' id='word_1_10' title='bbox 286 801 385 847; x_wconf 86' lang='lat' dir='ltr'><strong>coena</strong></span> <span class='ocrx_word' id='word_1_11' title='bbox 405 781 522 846; x_wconf 85' lang='lat' dir='ltr'><strong>solebat</strong></span> <span class='ocrx_word' id='word_1_12' title='bbox 547 779 708 846; x_wconf 78' lang='lat' dir='ltr'><strong>celebrati.</strong></span> <span class='ocrx_word' id='word_1_13' title='bbox 754 779 807 844; x_wconf 81' lang='lat' dir='ltr'><strong>ste</strong></span> <span class='ocrx_word' id='word_1_14' title='bbox 828 779 1036 844; x_wconf 78' lang='lat' dir='ltr'>Tertullianus</span> <span class='ocrx_word' id='word_1_15' title='bbox 1058 782 1092 845; x_wconf 95' lang='lat' dir='ltr'><strong>in</strong></span> <span class='ocrx_word' id='word_1_16' title='bbox 1114 783 1240 870; x_wconf 81' lang='lat' dir='ltr'><strong>Apolo-</strong></span> 
     </span>
    </p>
   </div>
   <div class='ocr_carea' id='block_1_3' title="bbox 280 881 1243 3131">
    <p class='ocr_par' dir='ltr' id='par_1_3' title="bbox 283 881 1242 1280">
     <span class='ocr_line' id='line_1_4' title="bbox 285 881 1241 974; baseline 0 -22"><span class='ocrx_word' id='word_1_17' title='bbox 285 897 346 974; x_wconf 64' lang='lat' dir='ltr'><strong>get,</strong></span> <span class='ocrx_word' id='word_1_18' title='bbox 368 887 399 953; x_wconf 86' lang='lat' dir='ltr'><strong>C.</strong></span> <span class='ocrx_word' id='word_1_19' title='bbox 418 887 553 951; x_wconf 78' lang='lat' dir='ltr'>XXXIX.</span> <span class='ocrx_word' id='word_1_20' title='bbox 592 884 717 950; x_wconf 82' lang='lat' dir='ltr'><strong>»Coena</strong></span> <span class='ocrx_word' id='word_1_21' title='bbox 739 893 843 948; x_wconf 86' lang='lat' dir='ltr'><strong>nostra</strong></span> <span class='ocrx_word' id='word_1_22' title='bbox 866 881 905 947; x_wconf 88' lang='lat' dir='ltr'><strong>de</strong></span> <span class='ocrx_word' id='word_1_23' title='bbox 929 883 1055 952; x_wconf 81' lang='lat' dir='ltr'><strong>nomine</strong></span> <span class='ocrx_word' id='word_1_24' title='bbox 1087 887 1241 952; x_wconf 78' lang='lat' dir='ltr'><strong>rationem</strong></span> 
     </span>
     <span class='ocr_line' id='line_1_5' title="bbox 283 983 1242 1076; baseline 0.002 -24"><span class='ocrx_word' id='word_1_25' title='bbox 283 1009 395 1052; x_wconf 86' lang='lat' dir='ltr'><strong>»suam</strong></span> <span class='ocrx_word' id='word_1_26' title='bbox 415 985 563 1052; x_wconf 76' lang='lat' dir='ltr'><strong>ostendit:</strong></span> <span class='ocrx_word' id='word_1_27' title='bbox 582 997 710 1051; x_wconf 87' lang='lat' dir='ltr'><strong>vocatur</strong></span> <span class='ocrx_word' id='word_1_28' title='bbox 731 987 851 1067; x_wconf 75' lang='grc' dir='ltr'><em>ἀγάπη,</em></span> <span class='ocrx_word' id='word_1_29' title='bbox 873 983 907 1048; x_wconf 93' lang='lat' dir='ltr'><strong>id</strong></span> <span class='ocrx_word' id='word_1_30' title='bbox 928 984 1014 1072; x_wconf 79' lang='lat' dir='ltr'><strong>quod</strong></span> <span class='ocrx_word' id='word_1_31' title='bbox 1032 987 1158 1052; x_wconf 82' lang='lat' dir='ltr'><strong>dilectio</strong></span> <span class='ocrx_word' id='word_1_32' title='bbox 1176 1004 1242 1076; x_wconf 87' lang='lat' dir='ltr'><strong>pe-</strong></span> 
     </span>
     <span class='ocr_line' id='line_1_6' title="bbox 283 1084 1239 1178; baseline 0.007 -25"><span class='ocrx_word' id='word_1_33' title='bbox 283 1111 361 1154; x_wconf 79' lang='lat' dir='ltr'><strong>rnes</strong></span> <span class='ocrx_word' id='word_1_34' title='bbox 396 1091 532 1155; x_wconf 85' lang='lat' dir='ltr'><strong>Graecos</strong></span> <span class='ocrx_word' id='word_1_35' title='bbox 571 1084 642 1155; x_wconf 84' lang='lat' dir='ltr'><strong>est.’&#39;</strong></span> <span class='ocrx_word' id='word_1_36' title='bbox 696 1089 759 1154; x_wconf 87' lang='lat' dir='ltr'><strong>Sed</strong></span> <span class='ocrx_word' id='word_1_37' title='bbox 788 1088 867 1153; x_wconf 78' lang='lat' dir='ltr'><strong>haec</strong></span> <span class='ocrx_word' id='word_1_38' title='bbox 900 1089 940 1155; x_wconf 88' lang='lat' dir='ltr'><strong>de</strong></span> <span class='ocrx_word' id='word_1_39' title='bbox 975 1092 1013 1156; x_wconf 91' lang='lat' dir='ltr'><strong>iis</strong></span> <span class='ocrx_word' id='word_1_40' title='bbox 1029 1107 1099 1178; x_wconf 78' lang='lat' dir='ltr'><strong>,pro</strong></span> <span class='ocrx_word' id='word_1_41' title='bbox 1133 1105 1239 1160; x_wconf 88' lang='lat' dir='ltr'><strong>nostro</strong></span> 
     </span>
     <span class='ocr_line' id='line_1_7' title="bbox 284 1188 781 1280; baseline -0.002 -23"><span class='ocrx_word' id='word_1_42' title='bbox 284 1193 415 1259; x_wconf 81' lang='lat' dir='ltr'><strong>oonsilio</strong></span> <span class='ocrx_word' id='word_1_43' title='bbox 438 1191 523 1257; x_wconf 86' lang='lat' dir='ltr'><strong>diota</strong></span> <span class='ocrx_word' id='word_1_44' title='bbox 549 1189 702 1256; x_wconf 84' lang='lat' dir='ltr'><strong>sufficiant</strong></span> <span class='ocrx_word' id='word_1_45' title='bbox 723 1189 738 1280; x_wconf 87' lang='lat'>(</span> <span class='ocrx_word' id='word_1_46' title='bbox 757 1188 781 1279; x_wconf 93' lang='lat'><strong>).</strong></span> 
     </span>
    </p>

    <p class='ocr_par' dir='ltr' id='par_1_4' title="bbox 280 1293 1243 2718">
     <span class='ocr_line' id='line_1_8' title="bbox 326 1293 1240 1388; baseline 0.011 -30"><span class='ocrx_word' id='word_1_47' title='bbox 326 1293 376 1358; x_wconf 79' lang='lat' dir='ltr'><strong>Ad</strong></span> <span class='ocrx_word' id='word_1_48' title='bbox 401 1295 534 1381; x_wconf 83' lang='lat' dir='ltr'><strong>collegia</strong></span> <span class='ocrx_word' id='word_1_49' title='bbox 559 1295 722 1360; x_wconf 81' lang='lat' dir='ltr'><strong>eranistioo</strong></span> <span class='ocrx_word' id='word_1_50' title='bbox 746 1295 839 1360; x_wconf 84' lang='lat' dir='ltr'><strong>iuoilo</strong></span> <span class='ocrx_word' id='word_1_51' title='bbox 862 1296 973 1360; x_wconf 87' lang='lat' dir='ltr'><strong>reier&#39;rl</strong></span> <span class='ocrx_word' id='word_1_52' title='bbox 994 1306 1094 1384; x_wconf 76' lang='lat' dir='ltr'><strong>potest</strong></span> <span class='ocrx_word' id='word_1_53' title='bbox 1117 1303 1223 1388; x_wconf 77' lang='grc' dir='ltr'><strong><em>ἔρανος</em></strong></span> <span class='ocrx_word' id='word_1_54' title='bbox 1230 1353 1240 1384; x_wconf 85' lang='grc'>,</span> 
     </span>
     <span class='ocr_line' id='line_1_9' title="bbox 283 1395 1241 1488; baseline 0.014 -30"><span class='ocrx_word' id='word_1_55' title='bbox 283 1397 409 1482; x_wconf 83' lang='lat' dir='ltr'><strong>qualem</strong></span> <span class='ocrx_word' id='word_1_56' title='bbox 435 1395 611 1482; x_wconf 79' lang='lat' dir='ltr'>Xenophon</span> <span class='ocrx_word' id='word_1_57' title='bbox 632 1397 710 1461; x_wconf 86' lang='lat' dir='ltr'><strong>alter</strong></span> <span class='ocrx_word' id='word_1_58' title='bbox 735 1397 769 1461; x_wconf 88' lang='lat' dir='ltr'><strong>iu</strong></span> <span class='ocrx_word' id='word_1_59' title='bbox 793 1407 977 1485; x_wconf 76' lang='grc' dir='ltr'><em>κυνηγετικῷ</em></span> <span class='ocrx_word' id='word_1_60' title='bbox 1000 1404 1137 1488; x_wconf 82' lang='lat' dir='ltr'><strong>appellat</strong></span> <span class='ocrx_word' id='word_1_61' title='bbox 1166 1409 1241 1470; x_wconf 89' lang='lat' dir='ltr'><strong>col-</strong></span> 
     </span>
     <span class='ocr_line' id='line_1_10' title="bbox 282 1497 1242 1595; baseline 0.013 -35"><span class='ocrx_word' id='word_1_62' title='bbox 282 1497 429 1562; x_wconf 78' lang='lat' dir='ltr'><strong>lationem</strong></span> <span class='ocrx_word' id='word_1_63' title='bbox 459 1497 558 1562; x_wconf 85' lang='lat' dir='ltr'><strong>Gallis</strong></span> <span class='ocrx_word' id='word_1_64' title='bbox 587 1499 742 1563; x_wconf 80' lang='lat' dir='ltr'><strong>veteribus</strong></span> <span class='ocrx_word' id='word_1_65' title='bbox 772 1500 970 1566; x_wconf 72' lang='lat' dir='ltr'><strong>venatoribus</strong></span> <span class='ocrx_word' id='word_1_66' title='bbox 997 1505 1156 1590; x_wconf 86' lang='lat' dir='ltr'><strong>usitatam,</strong></span> <span class='ocrx_word' id='word_1_67' title='bbox 1185 1509 1242 1595; x_wconf 89' lang='lat' dir='ltr'><strong>qui</strong></span> 
     </span>
     <span class='ocr_line' id='line_1_11' title="bbox 281 1600 1240 1692; baseline 0.011 -31"><span class='ocrx_word' id='word_1_68' title='bbox 281 1600 315 1663; x_wconf 90' lang='lat' dir='ltr'><strong>iu</strong></span> <span class='ocrx_word' id='word_1_69' title='bbox 348 1623 451 1666; x_wconf 85' lang='lat' dir='ltr'><strong>arcam</strong></span> <span class='ocrx_word' id='word_1_70' title='bbox 477 1600 654 1692; x_wconf 77' lang='grc' dir='ltr'><strong><em>(θησαυρὸν)</em></strong></span> <span class='ocrx_word' id='word_1_71' title='bbox 685 1601 725 1666; x_wconf 88' lang='lat' dir='ltr'><strong>ud</strong></span> <span class='ocrx_word' id='word_1_72' title='bbox 752 1600 815 1666; x_wconf 88' lang='lat' dir='ltr'><strong>hoo</strong></span> <span class='ocrx_word' id='word_1_73' title='bbox 847 1600 1050 1681; x_wconf 86' lang='lat' dir='ltr'><strong>destinatum,</strong></span> <span class='ocrx_word' id='word_1_74' title='bbox 1079 1607 1240 1692; x_wconf 76' lang='lat' dir='ltr'><strong>prosena,</strong></span> 
     </span>
     <span class='ocr_line' id='line_1_12' title="bbox 281 1703 1239 1794; baseline 0.008 -29"><span class='ocrx_word' id='word_1_75' title='bbox 281 1722 377 1788; x_wconf 88' lang='lat' dir='ltr'><strong>quam</strong></span> <span class='ocrx_word' id='word_1_76' title='bbox 405 1703 545 1768; x_wconf 84' lang='lat' dir='ltr'><strong>venando</strong></span> <span class='ocrx_word' id='word_1_77' title='bbox 577 1705 710 1792; x_wconf 83' lang='lat' dir='ltr'><strong>quisquo</strong></span> <span class='ocrx_word' id='word_1_78' title='bbox 745 1715 884 1789; x_wconf 80' lang='lat' dir='ltr'>ceperat,</span> <span class='ocrx_word' id='word_1_79' title='bbox 914 1707 1025 1792; x_wconf 89' lang='lat' dir='ltr'><strong>stipem</strong></span> <span class='ocrx_word' id='word_1_80' title='bbox 1048 1708 1239 1794; x_wconf 80' lang='lat' dir='ltr'><strong>inferebant,</strong></span> 
     </span>
     <span class='ocr_line' id='line_1_13' title="bbox 280 1804 1240 1876; baseline 0.005 -6"><span class='ocrx_word' id='word_1_81' title='bbox 280 1804 365 1870; x_wconf 88' lang='lat' dir='ltr'><strong>unde</strong></span> <span class='ocrx_word' id='word_1_82' title='bbox 395 1829 498 1872; x_wconf 84' lang='lat' dir='ltr'><strong>annua</strong></span> <span class='ocrx_word' id='word_1_83' title='bbox 518 1807 568 1872; x_wconf 88' lang='lat' dir='ltr'><strong>die</strong></span> <span class='ocrx_word' id='word_1_84' title='bbox 591 1826 680 1872; x_wconf 82' lang='lat' dir='ltr'><strong>soora</strong></span> <span class='ocrx_word' id='word_1_85' title='bbox 699 1807 816 1872; x_wconf 82' lang='lat' dir='ltr'><strong>Dianae</strong></span> <span class='ocrx_word' id='word_1_86' title='bbox 838 1807 1076 1874; x_wconf 81' lang='lat' dir='ltr'><strong>lierisolehant.</strong></span> <span class='ocrx_word' id='word_1_87' title='bbox 1119 1811 1240 1876; x_wconf 87' lang='lat' dir='ltr'><strong>Titulus</strong></span> 
     </span>
     <span class='ocr_line' id='line_1_14' title="bbox 282 1909 1243 1998; baseline 0.005 -23"><span class='ocrx_word' id='word_1_88' title='bbox 282 1909 396 1995; x_wconf 80' lang='lat' dir='ltr'><strong>Capitis</strong></span> <span class='ocrx_word' id='word_1_89' title='bbox 421 1921 484 1976; x_wconf 89' lang='lat' dir='ltr'><strong>est:</strong></span> <span class='ocrx_word' id='word_1_90' title='bbox 507 1915 582 1998; x_wconf 79' lang='grc' dir='ltr'><strong><em>Περὶ</em></strong></span> <span class='ocrx_word' id='word_1_91' title='bbox 604 1917 656 1977; x_wconf 82' lang='grc' dir='ltr'><strong>τοῦ</strong></span> <span class='ocrx_word' id='word_1_92' title='bbox 681 1909 806 1976; x_wconf 71' lang='grc' dir='ltr'><strong><em>Κελτῶν</em></strong></span> <span class='ocrx_word' id='word_1_93' title='bbox 831 1915 940 1992; x_wconf 61' lang='grc' dir='ltr'><strong><em>νόμον,</em></strong></span> <span class='ocrx_word' id='word_1_94' title='bbox 963 1915 1014 1974; x_wconf 74' lang='grc' dir='ltr'><strong>καὶ</strong></span> <span class='ocrx_word' id='word_1_95' title='bbox 1036 1917 1087 1978; x_wconf 82' lang='grc' dir='ltr'><strong>τοῦ</strong></span> <span class='ocrx_word' id='word_1_96' title='bbox 1109 1913 1160 1978; x_wconf 79' lang='grc' dir='ltr'><strong>ὑπ’</strong></span> <span class='ocrx_word' id='word_1_97' title='bbox 1184 1915 1243 1980; x_wconf 79' lang='grc' dir='ltr'><strong>αὖ·</strong></span> 
     </span>
     <span class='ocr_line' id='line_1_15' title="bbox 280 2011 1237 2102; baseline 0.005 -26"><span class='ocrx_word' id='word_1_98' title='bbox 280 2017 343 2079; x_wconf 85' lang='grc' dir='ltr'><strong>τῶν</strong></span> <span class='ocrx_word' id='word_1_99' title='bbox 369 2015 530 2094; x_wconf 75' lang='grc' dir='ltr'>γινομένου</span> <span class='ocrx_word' id='word_1_100' title='bbox 564 2018 672 2099; x_wconf 72' lang='grc' dir='ltr'><strong><em>ἐράνου</em></strong></span> <span class='ocrx_word' id='word_1_101' title='bbox 705 2021 744 2098; x_wconf 81' lang='grc' dir='ltr'><strong>τῇ</strong></span> <span class='ocrx_word' id='word_1_102' title='bbox 774 2013 935 2099; x_wconf 74' lang='grc' dir='ltr'><strong>Ἀρτεμίδι</strong></span> <span class='ocrx_word' id='word_1_103' title='bbox 962 2011 1018 2102; x_wconf 77' lang='lat'><strong>(2).</strong></span> <span class='ocrx_word' id='word_1_104' title='bbox 1073 2015 1159 2079; x_wconf 80' lang='lat' dir='ltr'><strong>Licet</strong></span> <span class='ocrx_word' id='word_1_105' title='bbox 1183 2017 1237 2082; x_wconf 84' lang='lat' dir='ltr'><strong>hie</strong></span> 
     </span>
     <span class='ocr_line' id='line_1_16' title="bbox 281 2113 1240 2199; baseline 0.006 -21"><span class='ocrx_word' id='word_1_106' title='bbox 281 2125 457 2179; x_wconf 78' lang='lat' dir='ltr'><strong>menstruae</strong></span> <span class='ocrx_word' id='word_1_107' title='bbox 480 2116 654 2182; x_wconf 83' lang='lat' dir='ltr'><strong>collatlonis</strong></span> <span class='ocrx_word' id='word_1_108' title='bbox 674 2115 793 2179; x_wconf 90' lang='lat' dir='ltr'><strong>mentio</strong></span> <span class='ocrx_word' id='word_1_109' title='bbox 818 2135 881 2178; x_wconf 91' lang='lat' dir='ltr'><strong>non</strong></span> <span class='ocrx_word' id='word_1_110' title='bbox 907 2113 976 2199; x_wconf 87' lang='lat' dir='ltr'><strong>fiat,</strong></span> <span class='ocrx_word' id='word_1_111' title='bbox 998 2116 1163 2181; x_wconf 89' lang='lat' dir='ltr'><strong>commode</strong></span> <span class='ocrx_word' id='word_1_112' title='bbox 1184 2127 1240 2184; x_wconf 85' lang='lat' dir='ltr'><strong>ta-</strong></span> 
     </span>
     <span class='ocr_line' id='line_1_17' title="bbox 280 2217 1241 2304; baseline 0.001 -22"><span class='ocrx_word' id='word_1_113' title='bbox 280 2239 353 2282; x_wconf 91' lang='lat' dir='ltr'><strong>men</strong></span> <span class='ocrx_word' id='word_1_114' title='bbox 377 2217 457 2283; x_wconf 74' lang='lat' dir='ltr'><strong>haeo&#39;</strong></span> <span class='ocrx_word' id='word_1_115' title='bbox 483 2229 663 2284; x_wconf 80' lang='lat' dir='ltr'><strong>venatorum</strong></span> <span class='ocrx_word' id='word_1_116' title='bbox 684 2218 810 2283; x_wconf 84' lang='lat' dir='ltr'><strong>collatio</strong></span> <span class='ocrx_word' id='word_1_117' title='bbox 832 2217 872 2282; x_wconf 87' lang='lat' dir='ltr'><strong>ad</strong></span> <span class='ocrx_word' id='word_1_118' title='bbox 891 2221 997 2303; x_wconf 73' lang='grc' dir='ltr'><strong><em>ἐράνου</em></strong></span> <span class='ocrx_word' id='word_1_119' title='bbox 1017 2225 1131 2303; x_wconf 82' lang='lat' dir='ltr'><strong>genus,</strong></span> <span class='ocrx_word' id='word_1_120' title='bbox 1154 2217 1241 2304; x_wconf 86' lang='lat' dir='ltr'><strong>quod</strong></span> 
     </span>
     <span class='ocr_line' id='line_1_18' title="bbox 280 2320 1241 2408; baseline 0 -22"><span class='ocrx_word' id='word_1_121' title='bbox 280 2321 363 2386; x_wconf 88' lang='lat' dir='ltr'><strong>inter</strong></span> <span class='ocrx_word' id='word_1_122' title='bbox 403 2322 582 2408; x_wconf 77' lang='lat' dir='ltr'><strong>collegiatus</strong></span> <span class='ocrx_word' id='word_1_123' title='bbox 617 2320 753 2404; x_wconf 86' lang='lat' dir='ltr'><strong>obtinet,</strong></span> <span class='ocrx_word' id='word_1_124' title='bbox 793 2320 903 2384; x_wconf 86' lang='lat' dir='ltr'><strong>relerri</strong></span> <span class='ocrx_word' id='word_1_125' title='bbox 936 2331 1049 2406; x_wconf 89' lang='lat' dir='ltr'><strong>potest:</strong></span> <span class='ocrx_word' id='word_1_126' title='bbox 1080 2329 1241 2386; x_wconf 76' lang='lat' dir='ltr'><strong>&#39;senatores</strong></span> 
     </span>
     <span class='ocr_line' id='line_1_19' title="bbox 283 2425 1240 2499; baseline 0.004 -11"><span class='ocrx_word' id='word_1_127' title='bbox 283 2425 369 2488; x_wconf 90' lang='lat' dir='ltr'><strong>enim</strong></span> <span class='ocrx_word' id='word_1_128' title='bbox 390 2427 571 2490; x_wconf 87' lang='lat' dir='ltr'><strong>societatem</strong></span> <span class='ocrx_word' id='word_1_129' title='bbox 594 2425 716 2499; x_wconf 84' lang='lat' dir='ltr'><strong>iniisse,</strong></span> <span class='ocrx_word' id='word_1_130' title='bbox 742 2445 815 2489; x_wconf 83' lang='lat' dir='ltr'><strong>arca</strong></span> <span class='ocrx_word' id='word_1_131' title='bbox 839 2445 948 2489; x_wconf 88' lang='lat' dir='ltr'><strong>eorum</strong></span> <span class='ocrx_word' id='word_1_132' title='bbox 970 2427 1147 2490; x_wconf 83' lang='lat' dir='ltr'><strong>communis</strong></span> <span class='ocrx_word' id='word_1_133' title='bbox 1171 2425 1240 2492; x_wconf 87' lang='lat' dir='ltr'><strong>satis</strong></span> 
     </span>
     <span class='ocr_line' id='line_1_20' title="bbox 281 2525 1241 2614; baseline 0 -23"><span class='ocrx_word' id='word_1_134' title='bbox 281 2527 423 2594; x_wconf 82' lang='lat' dir='ltr'><strong>indicare</strong></span> <span class='ocrx_word' id='word_1_135' title='bbox 453 2527 584 2592; x_wconf 82' lang='lat' dir='ltr'><strong>ridetur.</strong></span> <span class='ocrx_word' id='word_1_136' title='bbox 637 2525 699 2591; x_wconf 85' lang='lat' dir='ltr'><strong>Sed</strong></span> <span class='ocrx_word' id='word_1_137' title='bbox 728 2537 794 2592; x_wconf 86' lang='lat' dir='ltr'><strong>erat</strong></span> <span class='ocrx_word' id='word_1_138' title='bbox 827 2528 957 2593; x_wconf 84' lang='lat' dir='ltr'><strong>societas</strong></span> <span class='ocrx_word' id='word_1_139' title='bbox 992 2526 1148 2614; x_wconf 86' lang='lat' dir='ltr'><strong>quaedam</strong></span> <span class='ocrx_word' id='word_1_140' title='bbox 1177 2547 1241 2613; x_wconf 88' lang='lat' dir='ltr'><strong>pe-</strong></span> 
     </span>
     <span class='ocr_line' id='line_1_21' title="bbox 282 2619 888 2718; baseline 0.003 -22"><span class='ocrx_word' id='word_1_141' title='bbox 282 2631 437 2699; x_wconf 84' lang='lat' dir='ltr'><strong>riculosae</strong></span> <span class='ocrx_word' id='word_1_142' title='bbox 458 2634 552 2718; x_wconf 87' lang='lat' dir='ltr'><strong>plena</strong></span> <span class='ocrx_word' id='word_1_143' title='bbox 574 2634 668 2697; x_wconf 86' lang='lat' dir='ltr'><strong>aleae.</strong></span> <span class='ocrx_word' id='word_1_144' title='bbox 883 2619 888 2628; x_wconf 44' lang='lat'><em>⁶</em></span> 
     </span>
    </p>

    <p class='ocr_par' dir='ltr' id='par_1_5' title="bbox 723 2734 804 2818">
     <span class='ocr_line' id='line_1_22' title="bbox 723 2734 804 2818; baseline -0.012 -22"><span class='ocrx_word' id='word_1_145' title='bbox 723 2734 750 2818; x_wconf 64' lang='lat'><strong>5.</strong></span> <span class='ocrx_word' id='word_1_146' title='bbox 774 2736 804 2796; x_wconf 86' lang='lat'><strong>7.</strong></span> 
     </span>
    </p>

    <p class='ocr_par' dir='ltr' id='par_1_6' title="bbox 281 2833 1243 3131">
     <span class='ocr_line' id='line_1_23' title="bbox 325 2833 1243 2924; baseline 0.002 -26"><span class='ocrx_word' id='word_1_147' title='bbox 325 2836 433 2917; x_wconf 90' lang='lat' dir='ltr'><strong>Quum</strong></span> <span class='ocrx_word' id='word_1_148' title='bbox 472 2838 568 2924; x_wconf 84' lang='lat' dir='ltr'><strong>igitur</strong></span> <span class='ocrx_word' id='word_1_149' title='bbox 600 2836 733 2922; x_wconf 81' lang='lat' dir='ltr'><strong>collegia</strong></span> <span class='ocrx_word' id='word_1_150' title='bbox 768 2833 921 2898; x_wconf 89' lang='lat' dir='ltr'><strong>haherent</strong></span> <span class='ocrx_word' id='word_1_151' title='bbox 953 2855 1058 2900; x_wconf 85' lang='lat' dir='ltr'><strong>arcam</strong></span> <span class='ocrx_word' id='word_1_152' title='bbox 1095 2858 1243 2901; x_wconf 87' lang='lat' dir='ltr'><strong>eommu-</strong></span> 
     </span>
     <span class='ocr_line' id='line_1_24' title="bbox 281 2937 1238 3028; baseline 0 -24"><span class='ocrx_word' id='word_1_153' title='bbox 281 2959 355 3004; x_wconf 86' lang='lat' dir='ltr'><strong>uem</strong></span> <span class='ocrx_word' id='word_1_154' title='bbox 376 2937 440 3028; x_wconf 84' lang='lat'><strong>(3);</strong></span> <span class='ocrx_word' id='word_1_155' title='bbox 462 2940 501 3005; x_wconf 90' lang='lat' dir='ltr'><strong>de</strong></span> <span class='ocrx_word' id='word_1_156' title='bbox 526 2942 582 3008; x_wconf 85' lang='lat' dir='ltr'><strong>illa</strong></span> <span class='ocrx_word' id='word_1_157' title='bbox 603 2962 677 3006; x_wconf 84' lang='lat' dir='ltr'><strong>arca</strong></span> <span class='ocrx_word' id='word_1_158' title='bbox 702 2962 803 3028; x_wconf 85' lang='lat' dir='ltr'><strong>pauca</strong></span> <span class='ocrx_word' id='word_1_159' title='bbox 832 2938 1000 3004; x_wconf 84' lang='lat' dir='ltr'><strong>rideamus.</strong></span> <span class='ocrx_word' id='word_1_160' title='bbox 1045 2940 1130 3004; x_wconf 87' lang='lat' dir='ltr'><strong>Haec</strong></span> <span class='ocrx_word' id='word_1_161' title='bbox 1155 2941 1238 3004; x_wconf 91' lang='lat' dir='ltr'><strong>enim</strong></span> 
     </span>
     <span class='ocr_line' id='line_1_25' title="bbox 282 3041 1239 3131; baseline -0.004 -22"><span class='ocrx_word' id='word_1_162' title='bbox 282 3065 355 3110; x_wconf 85' lang='lat' dir='ltr'><strong>arou</strong></span> <span class='ocrx_word' id='word_1_163' title='bbox 376 3055 443 3108; x_wconf 86' lang='lat' dir='ltr'><strong>erat</strong></span> <span class='ocrx_word' id='word_1_164' title='bbox 464 3045 552 3130; x_wconf 83' lang='lat' dir='ltr'><strong>quasi</strong></span> <span class='ocrx_word' id='word_1_165' title='bbox 574 3044 713 3112; x_wconf 85' lang='lat' dir='ltr'><strong>medulla</strong></span> <span class='ocrx_word' id='word_1_166' title='bbox 737 3045 832 3110; x_wconf 84' lang='lat' dir='ltr'><strong>totius</strong></span> <span class='ocrx_word' id='word_1_167' title='bbox 857 3044 999 3131; x_wconf 84' lang='lat' dir='ltr'><strong>collegii,</strong></span> <span class='ocrx_word' id='word_1_168' title='bbox 1029 3044 1090 3130; x_wconf 77' lang='lat' dir='ltr'><strong>qud</strong></span> <span class='ocrx_word' id='word_1_169' title='bbox 1119 3041 1239 3107; x_wconf 75' lang='lat' dir='ltr'><strong>sublati</strong></span> 
     </span>
    </p>
   </div>
   <div class='ocr_carea' id='block_1_4' title="bbox 280 3152 1242 3448">
    <p class='ocr_par' dir='ltr' id='par_1_7' title="bbox 280 3152 1242 3448">
     <span class='ocr_line' id='line_1_26' title="bbox 281 3152 1240 3236; baseline -0.005 -17"><span class='ocrx_word' id='word_1_170' title='bbox 281 3155 424 3220; x_wconf 82' lang='lat' dir='ltr'><strong>universa</strong></span> <span class='ocrx_word' id='word_1_171' title='bbox 443 3156 573 3220; x_wconf 83' lang='lat' dir='ltr'><strong>societas</strong></span> <span class='ocrx_word' id='word_1_172' title='bbox 600 3165 799 3220; x_wconf 86' lang='lat' dir='ltr'><strong>corrueretur</strong></span> <span class='ocrx_word' id='word_1_173' title='bbox 824 3176 950 3219; x_wconf 82' lang='lat' dir='ltr'><strong>necesse</strong></span> <span class='ocrx_word' id='word_1_174' title='bbox 975 3164 1056 3233; x_wconf 80' lang='lat' dir='ltr'><strong>erat3</strong></span> <span class='ocrx_word' id='word_1_175' title='bbox 1086 3152 1240 3236; x_wconf 78' lang='lat' dir='ltr'><strong>accipitur</strong></span> 
     </span>
     <span class='ocr_line' id='line_1_27' title="bbox 280 3255 1239 3346; baseline -0.005 -24"><span class='ocrx_word' id='word_1_176' title='bbox 280 3259 377 3346; x_wconf 85' lang='lat' dir='ltr'><strong>igitur</strong></span> <span class='ocrx_word' id='word_1_177' title='bbox 397 3279 454 3346; x_wconf 86' lang='lat' dir='ltr'><strong>pro</strong></span> <span class='ocrx_word' id='word_1_178' title='bbox 478 3266 544 3324; x_wconf 85' lang='lat' dir='ltr'><strong>tota</strong></span> <span class='ocrx_word' id='word_1_179' title='bbox 568 3279 690 3325; x_wconf 82' lang='lat' dir='ltr'><strong>summo</strong></span> <span class='ocrx_word' id='word_1_180' title='bbox 715 3261 864 3343; x_wconf 81' lang='lat' dir='ltr'><strong>collecta,</strong></span> <span class='ocrx_word' id='word_1_181' title='bbox 888 3259 949 3323; x_wconf 84' lang='lat' dir='ltr'><strong>sire</strong></span> <span class='ocrx_word' id='word_1_182' title='bbox 975 3258 1095 3321; x_wconf 83' lang='lat' dir='ltr'><strong>collata.</strong></span> <span class='ocrx_word' id='word_1_183' title='bbox 1140 3255 1239 3319; x_wconf 81' lang='lat' dir='ltr'><strong>Nemo</strong></span> 
     </span>
     <span class='ocr_line' id='line_1_28' title="bbox 282 3350 1242 3448; baseline -0.005 -23"><span class='ocrx_word' id='word_1_184' title='bbox 282 3361 367 3427; x_wconf 90' lang='lat' dir='ltr'><strong>enim</strong></span> <span class='ocrx_word' id='word_1_185' title='bbox 410 3361 444 3424; x_wconf 91' lang='lat' dir='ltr'><strong>in</strong></span> <span class='ocrx_word' id='word_1_186' title='bbox 481 3359 650 3448; x_wconf 81' lang='lat' dir='ltr'><strong>collegium</strong></span> <span class='ocrx_word' id='word_1_187' title='bbox 682 3361 911 3448; x_wconf 78' lang='lat' dir='ltr'><strong>recipiebatur,</strong></span> <span class='ocrx_word' id='word_1_188' title='bbox 944 3350 1003 3424; x_wconf 81' lang='lat' dir='ltr'><strong>nisi</strong></span> <span class='ocrx_word' id='word_1_189' title='bbox 1035 3359 1090 3446; x_wconf 91' lang='lat' dir='ltr'><strong>qui</strong></span> <span class='ocrx_word' id='word_1_190' title='bbox 1123 3352 1242 3444; x_wconf 89' lang='lat' dir='ltr'><strong>aliquid</strong></span> 
     </span>
    </p>
   </div>
   <div class='ocr_carea' id='block_1_5' title="bbox 276 3533 639 3551">
    <p class='ocr_par' dir='ltr' id='par_1_8' title="bbox 276 3533 639 3551">
     <span class='ocr_line' id='line_1_29' title="bbox 276 3533 639 3551; baseline 0 -1"><span class='ocrx_word' id='word_1_191' title='bbox 276 3533 639 3551; x_wconf 46' lang='grc' dir='ltr'><strong>Μ*</strong></span> 
     </span>
    </p>
   </div>
   <div class='ocr_carea' id='block_1_6' title="bbox 276 3599 1247 4086">
    <p class='ocr_par' dir='ltr' id='par_1_9' title="bbox 276 3599 1247 4086">
     <span class='ocr_line' id='line_1_30' title="bbox 311 3599 1247 3677; baseline -0.004 -20"><span class='ocrx_word' id='word_1_192' title='bbox 311 3605 354 3676; x_wconf 86' lang='grc'><strong>(1)</strong></span> <span class='ocrx_word' id='word_1_193' title='bbox 373 3604 417 3657; x_wconf 82' lang='lat' dir='ltr'><strong>De</strong></span> <span class='ocrx_word' id='word_1_194' title='bbox 441 3601 485 3657; x_wconf 88' lang='lat' dir='ltr'><strong>his</strong></span> <span class='ocrx_word' id='word_1_195' title='bbox 516 3605 645 3661; x_wconf 84' lang='lat' dir='ltr'><strong>conviviis</strong></span> <span class='ocrx_word' id='word_1_196' title='bbox 670 3607 786 3660; x_wconf 84' lang='lat' dir='ltr'><strong>conferri</strong></span> <span class='ocrx_word' id='word_1_197' title='bbox 808 3615 933 3676; x_wconf 87' lang='lat' dir='ltr'><strong>possunt,</strong></span> <span class='ocrx_word' id='word_1_198' title='bbox 961 3611 1064 3677; x_wconf 80' lang='lat' dir='ltr'><strong>praeter</strong></span> <span class='ocrx_word' id='word_1_199' title='bbox 1093 3599 1122 3657; x_wconf 86' lang='lat' dir='ltr'><strong>S.</strong></span> <span class='ocrx_word' id='word_1_200' title='bbox 1151 3599 1247 3669; x_wconf 86' lang='lat' dir='ltr'><strong>Serip-</strong></span> 
     </span>
     <span class='ocr_line' id='line_1_31' title="bbox 276 3685 1246 3758; baseline -0.008 -16"><span class='ocrx_word' id='word_1_201' title='bbox 276 3697 352 3742; x_wconf 82' lang='lat' dir='ltr'><strong>turno</strong></span> <span class='ocrx_word' id='word_1_202' title='bbox 368 3689 427 3743; x_wconf 83' lang='lat' dir='ltr'><strong>loco</strong></span> <span class='ocrx_word' id='word_1_203' title='bbox 447 3690 475 3758; x_wconf 92' lang='lat' dir='ltr'><strong>(l</strong></span> <span class='ocrx_word' id='word_1_204' title='bbox 492 3687 614 3741; x_wconf 84' lang='lat' dir='ltr'><strong>Corinth.</strong></span> <span class='ocrx_word' id='word_1_205' title='bbox 635 3689 688 3742; x_wconf 84' lang='lat' dir='ltr'><strong>xt.</strong></span> <span class='ocrx_word' id='word_1_206' title='bbox 706 3709 734 3744; x_wconf 83' lang='lat' dir='ltr'><strong>v.</strong></span> <span class='ocrx_word' id='word_1_207' title='bbox 753 3693 863 3743; x_wconf 70' lang='lat' dir='ltr'><strong>to-st.</strong></span> <span class='ocrx_word' id='word_1_208' title='bbox 879 3697 907 3742; x_wconf 87' lang='lat' dir='ltr'><strong>et</strong></span> <span class='ocrx_word' id='word_1_209' title='bbox 920 3689 1006 3758; x_wconf 83' lang='lat' dir='ltr'><strong>Epist.</strong></span> <span class='ocrx_word' id='word_1_210' title='bbox 1024 3687 1108 3739; x_wconf 76' lang='lat' dir='ltr'><strong>tudae</strong></span> <span class='ocrx_word' id='word_1_211' title='bbox 1125 3703 1152 3740; x_wconf 83' lang='lat' dir='ltr'><strong>v·</strong></span> <span class='ocrx_word' id='word_1_212' title='bbox 1171 3685 1246 3754; x_wconf 72' lang='lat'>12),</span> 
     </span>
     <span class='ocr_line' id='line_1_32' title="bbox 277 3766 1245 3840; baseline -0.005 -17"><span class='ocrx_word' id='word_1_213' title='bbox 277 3779 416 3838; x_wconf 82' lang='lat' dir='ltr'><strong>auctores,</strong></span> <span class='ocrx_word' id='word_1_214' title='bbox 445 3788 512 3840; x_wconf 88' lang='lat' dir='ltr'><strong>quos</strong></span> <span class='ocrx_word' id='word_1_215' title='bbox 546 3771 637 3824; x_wconf 81' lang='lat' dir='ltr'><strong>laudat</strong></span> <span class='ocrx_word' id='word_1_216' title='bbox 664 3769 813 3840; x_wconf 79' lang='lat' dir='ltr'><strong>Stephanus</strong></span> <span class='ocrx_word' id='word_1_217' title='bbox 838 3773 867 3824; x_wconf 87' lang='lat' dir='ltr'><strong>in</strong></span> <span class='ocrx_word' id='word_1_218' title='bbox 889 3772 1025 3824; x_wconf 83' lang='lat' dir='ltr'><strong>Thesauro</strong></span> <span class='ocrx_word' id='word_1_219' title='bbox 1048 3769 1082 3821; x_wconf 83' lang='lat' dir='ltr'><strong>L.</strong></span> <span class='ocrx_word' id='word_1_220' title='bbox 1108 3766 1158 3821; x_wconf 90' lang='lat' dir='ltr'><strong>Gr.</strong></span> <span class='ocrx_word' id='word_1_221' title='bbox 1185 3785 1245 3823; x_wconf 77' lang='lat' dir='ltr'><strong>voc.</strong></span> 
     </span>
     <span class='ocr_line' id='line_1_33' title="bbox 276 3849 1246 3923; baseline -0.003 -20"><span class='ocrx_word' id='word_1_222' title='bbox 276 3853 411 3919; x_wconf 63' lang='lat' dir='ltr'><strong>&#39;Arduum</strong></span> <span class='ocrx_word' id='word_1_223' title='bbox 421 3853 482 3903; x_wconf 80' lang='lat' dir='ltr'><strong>add.</strong></span> <span class='ocrx_word' id='word_1_224' title='bbox 494 3849 684 3906; x_wconf 89' lang='lat' dir='ltr'><strong>Schleusnerus</strong></span> <span class='ocrx_word' id='word_1_225' title='bbox 693 3856 721 3907; x_wconf 89' lang='lat' dir='ltr'><strong>iu</strong></span> <span class='ocrx_word' id='word_1_226' title='bbox 731 3853 797 3907; x_wconf 84' lang='lat' dir='ltr'><strong>Lex.</strong></span> <span class='ocrx_word' id='word_1_227' title='bbox 807 3855 834 3908; x_wconf 89' lang='lat' dir='ltr'><strong>in</strong></span> <span class='ocrx_word' id='word_1_228' title='bbox 844 3855 881 3908; x_wconf 87' lang='lat' dir='ltr'><strong>N.</strong></span> <span class='ocrx_word' id='word_1_229' title='bbox 891 3855 925 3907; x_wconf 86' lang='lat' dir='ltr'><strong>T.</strong></span> <span class='ocrx_word' id='word_1_230' title='bbox 934 3863 961 3906; x_wconf 86' lang='lat' dir='ltr'><strong>et</strong></span> <span class='ocrx_word' id='word_1_231' title='bbox 970 3855 1023 3905; x_wconf 86' lang='lat' dir='ltr'><strong>alii.</strong></span> <span class='ocrx_word' id='word_1_232' title='bbox 1051 3853 1093 3923; x_wconf 82' lang='lat'><strong>(2)</strong></span> <span class='ocrx_word' id='word_1_233' title='bbox 1105 3849 1172 3904; x_wconf 82' lang='lat' dir='ltr'><strong>Vid.</strong></span> <span class='ocrx_word' id='word_1_234' title='bbox 1183 3849 1246 3904; x_wconf 85' lang='lat' dir='ltr'><strong>Sul-</strong></span> 
     </span>
     <span class='ocr_line' id='line_1_34' title="bbox 276 3931 1246 4004; baseline -0.002 -20"><span class='ocrx_word' id='word_1_235' title='bbox 276 3940 340 3984; x_wconf 80' lang='lat' dir='ltr'><strong>r‘nss.</strong></span> <span class='ocrx_word' id='word_1_236' title='bbox 362 3931 393 3984; x_wconf 88' lang='lat' dir='ltr'><strong>de</strong></span> <span class='ocrx_word' id='word_1_237' title='bbox 415 3931 530 4000; x_wconf 86' lang='lat' dir='ltr'><strong>Usuris,</strong></span> <span class='ocrx_word' id='word_1_238' title='bbox 550 3933 579 3987; x_wconf 88' lang='lat' dir='ltr'><strong>iu</strong></span> <span class='ocrx_word' id='word_1_239' title='bbox 596 3933 707 3989; x_wconf 90' lang='lat' dir='ltr'><strong>Omissis</strong></span> <span class='ocrx_word' id='word_1_240' title='bbox 724 3953 752 4004; x_wconf 91' lang='lat' dir='ltr'><strong>p.</strong></span> <span class='ocrx_word' id='word_1_241' title='bbox 770 3935 831 3989; x_wconf 85' lang='grc'><strong>680.</strong></span> <span class='ocrx_word' id='word_1_242' title='bbox 868 3937 909 4004; x_wconf 85' lang='grc'><strong>(3)</strong></span> <span class='ocrx_word' id='word_1_243' title='bbox 930 3931 993 3988; x_wconf 87' lang='lat' dir='ltr'><strong>Vid.</strong></span> <span class='ocrx_word' id='word_1_244' title='bbox 1013 3933 1048 3985; x_wconf 82' lang='lat' dir='ltr'><strong>fr.</strong></span> <span class='ocrx_word' id='word_1_245' title='bbox 1068 3934 1093 3983; x_wconf 88' lang='lat'><strong>1.</strong></span> <span class='ocrx_word' id='word_1_246' title='bbox 1114 3931 1140 3998; x_wconf 67' lang='lat' dir='ltr'><strong>ti.</strong></span> <span class='ocrx_word' id='word_1_247' title='bbox 1163 3933 1187 3982; x_wconf 90' lang='lat'><strong>1.</strong></span> <span class='ocrx_word' id='word_1_248' title='bbox 1207 3931 1246 3982; x_wconf 89' lang='lat' dir='ltr'><strong>D.</strong></span> 
     </span>
     <span class='ocr_line' id='line_1_35' title="bbox 277 4009 1246 4086; baseline -0.001 -20"><span class='ocrx_word' id='word_1_249' title='bbox 277 4014 353 4085; x_wconf 84' lang='lat' dir='ltr'><strong>quod</strong></span> <span class='ocrx_word' id='word_1_250' title='bbox 375 4017 428 4083; x_wconf 88' lang='lat' dir='ltr'><strong>cuj.</strong></span> <span class='ocrx_word' id='word_1_251' title='bbox 453 4017 568 4074; x_wconf 79' lang='lat' dir='ltr'><strong>univers.</strong></span> <span class='ocrx_word' id='word_1_252' title='bbox 594 4037 685 4086; x_wconf 82' lang='lat' dir='ltr'><strong>nom.;</strong></span> <span class='ocrx_word' id='word_1_253' title='bbox 707 4009 782 4074; x_wconf 76' lang='lat' dir='ltr'><strong>¹coni.</strong></span> <span class='ocrx_word' id='word_1_254' title='bbox 807 4017 981 4082; x_wconf 81' lang='lat' dir='ltr'><strong>Wassenuer,</strong></span> <span class='ocrx_word' id='word_1_255' title='bbox 1008 4017 1122 4068; x_wconf 85' lang='lat' dir='ltr'><strong>Dissert.</strong></span> <span class='ocrx_word' id='word_1_256' title='bbox 1140 4015 1174 4067; x_wconf 85' lang='lat' dir='ltr'><strong>sd</strong></span> <span class='ocrx_word' id='word_1_257' title='bbox 1189 4012 1246 4078; x_wconf 78' lang='lat' dir='ltr'><strong>Tit.</strong></span> 
     </span>
    </p>
   </div>
   <div class='ocr_carea' id='block_1_7' title="bbox 258 4098 1247 4249">
    <p class='ocr_par' dir='ltr' id='par_1_10' title="bbox 258 4098 1247 4249">
     <span class='ocr_line' id='line_1_36' title="bbox 276 4098 1247 4232; baseline 0.003 -83"><span class='ocrx_word' id='word_1_258' title='bbox 276 4099 344 4232; x_wconf 47' lang='lat' dir='ltr'><strong>gigi</strong></span> <span class='ocrx_word' id='word_1_259' title='bbox 367 4099 401 4150; x_wconf 88' lang='lat' dir='ltr'><strong>de</strong></span> <span class='ocrx_word' id='word_1_260' title='bbox 418 4099 488 4231; x_wconf 65' lang='lat' dir='ltr'><strong>ppll.</strong></span> <span class='ocrx_word' id='word_1_261' title='bbox 516 4109 541 4154; x_wconf 86' lang='lat' dir='ltr'><strong>et</strong></span> <span class='ocrx_word' id='word_1_262' title='bbox 569 4119 644 4173; x_wconf 86' lang='lat' dir='ltr'><strong>corp.</strong></span> <span class='ocrx_word' id='word_1_263' title='bbox 672 4104 703 4158; x_wconf 91' lang='lat' dir='ltr'><strong>C.</strong></span> <span class='ocrx_word' id='word_1_264' title='bbox 721 4107 747 4158; x_wconf 84' lang='lat'><strong>5.</strong></span> <span class='ocrx_word' id='word_1_265' title='bbox 773 4105 801 4158; x_wconf 89' lang='lat' dir='ltr'><strong>in</strong></span> <span class='ocrx_word' id='word_1_266' title='bbox 821 4101 935 4172; x_wconf 80' lang='lat' dir='ltr'><strong>iurispr.</strong></span> <span class='ocrx_word' id='word_1_267' title='bbox 956 4103 1049 4172; x_wconf 80' lang='lat' dir='ltr'><strong>Autiq.</strong></span> <span class='ocrx_word' id='word_1_268' title='bbox 1068 4098 1247 4170; x_wconf 78' lang='lat' dir='ltr'><strong>Fellenhe&#39;rgii</strong></span> 
     </span>
     <span class='ocr_line' id='line_1_37' title="bbox 258 4183 479 4249; baseline -0.005 -17"><span class='ocrx_word' id='word_1_269' title='bbox 258 4191 262 4200; x_wconf 89' lang='lat'>&#39;</span> <span class='ocrx_word' id='word_1_270' title='bbox 305 4217 312 4232; x_wconf 92' lang='lat'><strong>.</strong></span> <span class='ocrx_word' id='word_1_271' title='bbox 349 4199 399 4249; x_wconf 85' lang='lat' dir='ltr'><strong>.p.</strong></span> <span class='ocrx_word' id='word_1_272' title='bbox 453 4183 479 4232; x_wconf 89' lang='lat'><strong>6.</strong></span> 
     </span>
    </p>
   </div>
   <div class='ocr_carea' id='block_1_8' title="bbox 0 0 1448 4826">
    <p class='ocr_par' dir='ltr' id='par_1_11' title="bbox 0 0 1448 4826">
     <span class='ocr_line' id='line_1_38' title="bbox 0 0 1448 4826; baseline 0 2"><span class='ocrx_word' id='word_1_273' title='bbox 0 0 1448 4826; x_wconf 95' lang='lat' dir='ltr'><strong> </strong></span> 
     </span>
    </p>
   </div>
  </div>
 </body>
</html>
