2886 4826
485 513 486 534 ι
580 494 739 557 -27-

183 679 335 761 venisset,
357 677 518 763 repulsum
542 676 598 758 iri,
620 697 729 740 verum
750 677 862 762 repelli
880 697 986 762 posse3
1008 677 1149 764 alioquin

186 805 259 866 non
279 794 415 848 uteretur
440 780 543 846 serbis
571 780 633 844 tihi
655 803 792 844 eausam
819 781 968 870 aliquam
991 781 1063 846 dem
1089 805 1149 847 re-

184 886 332 949 cusandi.
379 883 441 948 Sed
475 883 522 946 nil
553 893 687 946 statuere
722 882 801 945 certi
831 905 868 948 ea
905 882 943 947 de
973 904 1007 947 re
1039 883 1148 949 ausim.

183 989 226 1052 Er
247 988 348 1052 rerhis
369 1007 477 1072 porro,
501 1005 583 1070 quae
603 983 687 1070 apud
709 984 893 1050 Ciceronem
914 992 1089 1074 sequnntur
1110 1009 1151 1050 rw

182 1113 253 1177 qua
289 1089 419 1154 dicendi
455 1109 538 1176 pure
579 1090 759 1175 praeterito
800 1113 869 1154 eree
905 1090 1085 1176 uideretur,
1125 1091 1151 1155 si

185 1213 225 1254 ea
260 1191 371 1256 eodem
404 1189 561 1255 modoad
592 1192 732 1258 convivia
757 1191 797 1256 de
837 1193 985 1281 symbolis
1019 1195 1151 1280 releras,

186 1295 297 1380 colligi
328 1296 418 1378 lieet,
443 1296 583 1360 convivas
605 1296 672 1379 jam
701 1294 932 1381 quodammodo
960 1297 1065 1362 iniisse
1093 1319 1152 1362 so-

187 1399 369 1485 dalitatem,
392 1403 444 1466 coi
459 1413 599 1488 praeerat
615 1400 858 1489 symposiarcha,
872 1402 907 1465 in
922 1423 1017 1489 quem
1034 1402 1150 1490 singuli

187 1503 308 1568 virilem
341 1519 462 1591 partem
496 1507 689 1589 conferrent,
723 1504 807 1569 unde
840 1507 1018 1572 convivium
1051 1529 1152 1594 para-

186 1617 288 1692 retur,
310 1619 366 1672 aut
390 1608 483 1674 aedes
509 1609 592 1694 ejus,
617 1609 672 1696 qni
698 1620 835 1674 caeteros
862 1610 1052 1696 recipiebat,
1074 1609 1154 1676 ido-

185 1731 245 1774 nee
279 1713 519 1778 instruerentur.
579 1713 661 1778 lline
698 1711 846 1800 equidem
880 1713 1070 1778 crediderim
1100 1735 1153 1779 eos

185 1815 229 1878 ita
263 1817 407 1881 conferre
441 1817 536 1882 fuisse
572 1819 693 1900 solitos,
723 1837 760 1880 ao
787 1816 811 1879 si
836 1815 1017 1880 societatem
1043 1837 1152 1902 quan-

188 1915 258 1980 dam
283 1920 515 1984 contraxissent.
839 1935 840 1938 ’

626 2023 653 2106 §.
683 2024 711 2086 9.

229 2123 325 2188 Erant
364 2133 527 2209 praeterea
565 2133 596 2186 et
629 2125 690 2188 alia
725 2125 858 2188 convivii
898 2141 1029 2210 genera,
1072 2143 1152 2208 quae

186 2227 346 2308 ἐπιδόσιμα
379 2226 428 2289 vel
467 2227 499 2302 ἐξ
538 2206 695 2301 lundoniae
732 2228 846 2292 Graeci
881 2226 1043 2306 dirernnt;
1074 2223 1154 2290 haec

188 2329 327 2393 convitia
353 2325 425 2392 dati
457 2327 594 2413 pecunid
626 2329 780 2392 celebrari
805 2349 870 2391 non
896 2328 1056 2392 immerite
1091 2337 1157 2392 rta-

189 2433 248 2496 tnit
270 2432 453 2517 Salmasius,
476 2449 577 2518 quum
599 2453 636 2496 ea
658 2429 861 2516 distinguite
883 2428 1046 2511 conviviis,
1075 2450 1156 2515 quoe

190 2538 250 2602 ἀπὸ
292 2531 452 2623 συμβολῶν
489 2536 559 2600 lieri
596 2535 782 2600 dicebantur
820 2529 882 2622 (l);
918 2532 963 2596 sie
995 2533 1080 2596 enirn
1117 2534 1156 2598 de

190 2639 228 2702 iis
256 2652 359 2704 narrat
390 2641 569 2706 Athenaeus
597 2642 629 2705 L.
651 2639 734 2709 VIII.
756 2661 786 2725 p.
810 2640 883 2711 364.
907 2637 945 2700 F:
979 2639 1159 2721 ὀνομάζουσι

190 2739 248 2805 t’ot
267 2743 385 2828 ἀρχαῖοι
415 2748 466 2807 καὶ
493 2745 650 2825 ἐπιδόσιμά
678 2768 749 2810 τινα
777 2743 902 2821 δεῖπνα,
936 2743 1013 2828 ἅπερ
1039 2741 1155 2819 Ἀλεξ-

188 2843 305 2927 ανδρεῖς
341 2844 478 2924 λέγουσιν
511 2848 544 2922 ἐξ
578 2846 775 2928 ἐπιδομάτων.
835 2841 880 2906 lle
917 2841 965 2906 his
1006 2845 1153 2912 conviviis

187 2945 341 3010 lieraldus
371 2947 418 3036 (2)
454 2961 547 3036 neget
575 2951 620 3014 ita
647 2951 762 3015 laetam
789 2969 853 3012 esse
885 2949 1079 3015 mentionem
1114 2951 1154 3016 ab

186 3049 365 3134 Athenaeo,
399 3073 436 3116 ac
469 3053 495 3116 si
526 3053 662 3138 pecunia
698 3055 813 3117 collata
849 3063 950 3116 essent
984 3053 1153 3136 instructa,

186 3173 315 3219 cansam
338 3153 542 3236 interserens,
565 3175 672 3240 neque
690 3156 794 3242 ipsum
819 3153 1016 3218 Athenaeum
1039 3154 1155 3236 enjus·-
1236 3162 1240 3168 '

187 3256 274 3320 modi
297 3267 398 3320 essent
420 3258 560 3322 convivia
581 3259 721 3344 scivisse,
743 3259 840 3346 idque
865 3279 1013 3344 apparere
1039 3277 1075 3319 ex
1100 3277 1154 3339 eo,

188 3357 276 3443 quod
301 3357 411 3423 dixerit
439 3365 510 3426 rard
534 3357 652 3428 δεῖπνα.
698 3363 787 3443 Quae
813 3361 942 3448 quidem
970 3358 1066 3422 verba
1086 3375 1153 3420 rem

188 3461 404 3526 obscuriorem
423 3463 555 3528 reddere
581 3485 646 3529 non
674 3465 868 3550 negaverim,
891 3483 954 3526 non
978 3471 1083 3524 tamen
1110 3460 1155 3524 ita

174 3575 223 3628 'ut
255 3585 293 3628 ea
331 3563 371 3630 ad
406 3567 499 3651 plane
533 3567 655 3632 ineerta
694 3569 827 3641 convivii
864 3587 980 3652 genera
1020 3563 1153 3647 rejicias.
1203 3637 1208 3645 ¹

188 3666 344 3734 Videntur
368 3669 452 3732 enim
474 3671 579 3734 vecari
605 3670 685 3735 haec
708 3669 848 3735 convivia
871 3667 1045 3746 ἐπιδόσιμα,
1068 3665 1155 3750 quod

188 3771 300 3834 liceret
325 3771 437 3858 adea,
461 3775 539 3861 quid
562 3777 694 3862 quisque
715 3774 826 3854 vellet,
849 3770 1001 3835 conferre.
1046 3769 1154 3835 Merito

187 3873 284 3960 igitur
315 3875 455 3968 observat
484 3878 653 3942 Salmasius
689 3866 750 3940 alia
786 3895 851 3938 esse
889 3872 1062 3955 ἐπιδόσιμα,
1096 3873 1157 3936 alia

200 4035 558 4052 Ἣ

82 4094 84 4102 ’
113 4102 119 4108 ’
208 4100 261 4168 ’(1)
283 4101 325 4153 De
352 4102 449 4155 Usuris
476 4103 508 4157 C.
536 4107 559 4155 3.
587 4121 614 4170 p.
641 4104 684 4155 53.
731 4099 771 4168 (2)
794 4097 906 4156 Observ.
926 4102 959 4150 ad
980 4099 1036 4151 dus.
1062 4099 1119 4150 Att.
1136 4101 1162 4147 et

193 4177 267 4230 Rom.
285 4181 337 4235 Vl.
357 4184 382 4234 2.
