2886 4826
659 496 818 556 ..44-

267 675 500 740 sublevarentur
524 672 581 763 (1).
637 675 688 738 Sic
720 675 804 738 enim
829 674 1001 740 Marcianus
1032 677 1069 741 ir.
1098 679 1111 740 1
1137 687 1166 741 et
1188 682 1217 744 3.

267 780 303 844 Ι).
336 779 375 844 de
410 781 481 846 coll.
518 791 550 844 et
580 800 666 865 corp.
698 779 841 844 meminit
868 779 997 864 Collegii
1025 781 1221 865 tenuiorum,

267 883 382 968 quibus
421 905 546 971 quoque
585 884 690 948 omnia
722 881 838 946 licebat
871 882 1004 967 pacisci,
1043 905 1124 970 quae
1152 887 1222 970 lege

181 1063 190 1069 ἱ
266 1009 330 1051 non
360 999 460 1052 essent
487 988 594 1052 vetita:
607 1057 610 1062 ,
625 999 690 1052 emt
713 987 798 1050 enim
820 985 1095 1052 constitutionibus
1120 989 1220 1052 Prin-

268 1093 375 1178 cipum
407 1095 591 1179 psrmissum
626 1091 827 1158 tenuioribus
864 1092 980 1176 stapam
1014 1104 1221 1155 menstratum

268 1197 429 1283 oensem,
465 1196 543 1260 dum
573 1207 684 1260 maneo
709 1195 808 1258 semel
830 1197 868 1258 ἐπ
891 1216 1001 1258 mense
1027 1184 1151 1278 coeunt,
1181 1217 1222 1257 rae

267 1297 328 1362 rob
343 1309 516 1384 postestas
532 1297 693 1384 ey’osmods'
707 1297 875 1384 cenapium
889 1297 1046 1361 illicitum
1063 1310 1152 1362 coeat
1165 1296 1221 1387 (2)

309 1397 345 1458 ln
383 1399 562 1462 tenuiorum
596 1397 729 1484 collegia
766 1395 925 1460 interdum
959 1399 1052 1482 servi,
1089 1398 1222 1464 dominis
1331 1451 1334 1458 .

265 1497 440 1564 volentibus
455 1522 558 1586 neque
576 1497 808 1588 ignorantibus,
830 1499 1063 1583 recipiebantur
1079 1501 1142 1590 (3),
1164 1503 1221 1566 ubi

267 1619 302 1662 ex
323 1602 449 1685 peculio
470 1614 633 1688 quaestum
646 1599 819 1684 iaciebant,
841 1610 1093 1688 menstruamque
1109 1605 1220 1689 stipem

266 1698 399 1790 (ἔρανον)
429 1703 463 1766 ἰιι
477 1725 593 1768 arcam
620 1724 821 1768 communem
845 1701 1034 1784 inferebant3
1067 1705 1109 1768 sic
1135 1707 1220 1770 euim

264 1801 390 1866 Glossae
412 1804 556 1872 Veteres:
580 1808 685 1891 ἔρανος
691 1855 701 1886 ,
725 1808 826 1893 stipes
849 1804 1012 1896 sodalium
1035 1800 1094 1891 (4).

704 1907 786 1990 so
1216 1977 1222 1988 .

309 2008 359 2072 sd
394 2011 504 2098 stipem
540 2007 626 2097 quod
660 2010 784 2093 attinet,
818 2030 887 2072 eam
912 2009 1006 2074 fuisse
1031 2023 1220 2076 menstruam
1274 2059 1280 2069 .

264 2111 364 2174 multa
385 2111 446 2175 alia
468 2113 538 2176 loca‘
559 2110 681 2174 docent
718 2111 769 2173 Sic
794 2109 887 2174 etiam
912 2113 1093 2198 accepimus
1114 2117 1223 2198 ἔρανον

263 2213 356 2278 fuisse
387 2214 475 2278 illam
507 2213 723 2297 collationem,
755 2233 850 2300 quam
875 2215 970 2300 primi
995 2215 1160 2281 Christiani
1188 2217 1222 2278 in

264 2335 369 2380 arcam
400 2313 568 2400 quamdam
593 2314 784 2399 inserebant,
811 2315 896 2380 unde
926 2339 1077 2404 pauperes
1101 2317 1221 2382 huma-

263 2429 372 2481 rentur
406 2429 438 2480 et
465 2419 639 2502 aterentm,
673 2416 712 2482 de
738 2439 800 2504 qua
827 2418 1037 2484 Tertullianus
1062 2420 1223 2505 sequentia

264 2530 383 2584 narrat:
412 2519 561 2584 »Etiamsi
582 2519 668 2606 quod
691 2541 782 2584 meae
806 2542 904 2604 genus
928 2535 988 2606 est,
1012 2545 1076 2609 non
1097 2523 1135 2588 de
1160 2523 1223 2588 ho-

215 2618 219 2624 ’
262 2622 408 2686 »noraria
437 2644 575 2706 summa,
607 2623 693 2708 quasi
718 2622 875 2689 redemtac
902 2627 1063 2714 religionis
1087 2649 1223 2715 congre-

267 2779 607 2796 m

294 2847 336 2915 (1)
356 2847 410 2898 Fac
436 2864 548 2915 corpora
569 2848 603 2898 ad
622 2848 770 2900 tenuiorum
789 2848 904 2916 inopiam
923 2836 1117 2904 sustentandam
1132 2855 1227 2918 fuisse,

257 2931 287 2982 id
303 2930 378 3000 quod
397 2937 471 2980 antea
491 2928 604 2981 Athenis
621 2946 674 2981 non
690 2948 739 2980 usu
756 2939 878 2997 venerat3
903 2949 958 2984 non
975 2941 1061 2986 tamma
1077 2935 1138 2984 inde
1161 2949 1228 2985 con..

257 3013 305 3066 fici
331 3019 436 3080 potest,
463 3021 599 3064 extraneos
625 3031 657 3065 ex
674 3031 733 3065 arca
750 3030 843 3066 eorum
861 3017 993 3068 communi
1009 3017 1097 3084 juvari
1113 3016 1224 3080 solitos,
1327 3037 1332 3044 ·

259 3099 290 3144 ut
307 3083 555 3161 pantherarum,
581 3110 642 3146 cum
664 3093 734 3146 dicat
751 3096 893 3164 ἐρανιστὴν
915 3097 1040 3150 beneficii
1057 3099 1228 3150 eranistarum

258 3197 313 3232 esse
332 3177 494 3245 participem.
530 3175 638 3245 Egregie
656 3177 776 3230 fallitur:
796 3180 835 3230 uti
852 3197 898 3230 suo
915 3180 974 3233 loco
992 3179 1124 3232 indicabo.
1159 3178 1225 3232 vio.

257 3261 290 3312 C.
311 3259 368 3312 111.
388 3259 414 3324 p.
434 3260 477 3308 ll.
499 3257 576 3308 inira.
618 3255 711 3326 Neque
733 3259 766 3310 de
785 3257 938 3328 hujusmodi
954 3277 1033 3312 erano
1050 3267 1126 3312 erant
1140 3260 1226 3314 cotte-

258 3346 317 3414 gia,
345 3351 375 3394 ut
399 3343 530 3394 immerito
556 3347 633 3408 putat
658 3340 798 3392 Heraldus.
843 3341 910 3393 Vid.
933 3342 1048 3396 Observ.
1071 3350 1098 3394 et
1114 3341 1225 3394 Emend.

258 3429 292 3481 C.
310 3429 359 3493 ts,
385 3424 499 3478 Observ.
524 3421 557 3472 ad
576 3422 624 3472 Jus
650 3422 706 3473 Ata.
726 3430 753 3474 et
776 3423 853 3475 Rom.
873 3423 925 3476 vl.
944 3427 970 3476 4.
1005 3424 1075 3476 Hinc
1091 3421 1226 3475 Reiskium

224 3565 227 3580 ,
258 3512 338 3566 credo
366 3511 394 3562 in
423 3507 514 3560 Indice
541 3507 574 3557 ad
593 3505 797 3559 Demosthenem
820 3527 847 3575 p.
868 3509 930 3559 368.
950 3505 1015 3560 Vol.
1035 3504 1086 3561 lv.
1105 3508 1133 3558 iu
1149 3522 1227 3558 erro-

257 3613 314 3646 rem
338 3592 477 3654 incidisse,
505 3594 534 3638 ut
555 3589 676 3640 crederet
701 3587 813 3643 Athenis
834 3589 954 3658 Collegia
973 3591 1105 3660 (ἐράνους)
1124 3589 1223 3652 fuisse,

256 3675 330 3726 nulla
355 3675 405 3725 alia
430 3673 462 3724 de
483 3687 558 3723 causa
576 3671 711 3734 instituta,
731 3673 783 3724 nisi
800 3681 831 3723 ut
850 3673 995 3726 amicorum
1012 3674 1091 3726 rebus
1110 3673 1228 3728 adversis

143 3791 144 3794 =
258 3760 353 3828 quovis
378 3755 459 3807 modo
485 3753 655 3807 subvenirent
681 3753 754 3805 illius
777 3756 884 3824 collegii
913 3757 986 3808 socii.
1025 3754 1126 3808 Eadem
1151 3754 1229 3805 etiam

259 3839 408 3892 casauboni
432 3844 487 3889 erat
513 3835 640 3887 sententia
662 3835 696 3887 ad
720 3833 857 3904 Theophr.
884 3836 967 3888 Char.
995 3835 1028 3890 C.
1058 3836 1123 3890 XV.
1150 3837 1177 3902 §.
1202 3835 1228 3885 2

259 3920 315 3974 Sed
342 3940 356 3972 a
382 3921 487 3973 summis
515 3921 570 3971 iilis
594 3919 658 3975 siris
682 3937 736 3972 nou
757 3920 808 3972 nisi
825 3922 924 3974 invitus
943 3922 1076 3974 discedot
1099 3923 1140 3990 (2)
1161 3908 1226 3971 Vid.

256 4005 291 4056 fr.
311 4005 335 4056 1.
355 4001 393 4066 D.
412 4003 445 4054 de
468 4003 531 4056 coll.
556 4009 583 4054 et
607 4019 681 4070 corp.
718 4003 758 4070 (3)
779 3999 895 4053 Vidit.
919 4004 945 4054 3.
965 4004 992 4069 ᾗ.
1011 4003 1037 4054 2.
1055 4003 1093 4054 D.
1114 4000 1229 4054 decoll.

256 4092 283 4138 et
306 4101 381 4152 corp.
417 4083 495 4136 Conf-
514 4083 758 4138 Herald.‘0bserv.
781 4091 807 4136 et
828 4082 941 4136 Emend.
967 4085 1000 4137 C.
1017 4087 1062 4139 43.
1099 4086 1140 4156 (4)
1161 4083 1227 4139 Vid.

257 4168 283 4233 §.
302 4169 328 4219 4.
347 4183 433 4235 supra.
453 4167 513 4218 add.
535 4164 645 4218 Salmas.
664 4167 697 4218 de
713 4166 796 4220 Usar.
815 4167 847 4220 C.
867 4170 892 4220 3.
911 4187 937 4238 p.
957 4171 1001 4220 43.
