2904 4826
631 479 812 564 -nr-'

220 681 282 748 sihi
304 681 499 770 propositum
521 663 673 767 habebat,
696 693 732 746 ut
752 682 860 768 λοτροο
885 683 924 749 ad
948 685 1087 752 amioum
1105 709 1188 777 eap-

221 786 320 850 tirum
345 785 384 850 ab
407 785 548 850 hostibus
570 784 791 852 redimendum
816 785 890 853 inde
914 791 1102 876 solveretur3
1124 817 1189 880 pe-

218 890 317 955 cunia
351 890 438 954 enim
472 889 535 954 hoo
561 890 692 954 oonsilio
708 891 750 968 ,in
778 893 873 970 amini
898 895 1031 981 gratiam
1063 909 1191 984 erogata

217 996 307 1059 erani
337 995 434 1059 instar
466 993 659 1078 habebatur,
692 996 754 1060 sire
780 999 948 1066 eonsilium
973 1000 1094 1087 ipsum,
1124 1002 1186 1067 sire

216 1109 364 1162 eventum
392 1095 548 1183 respicias.
571 1131 615 1146 -
636 1095 775 1163 Oratoris
800 1101 907 1185 loeus,
931 1123 966 1166 ex
987 1123 1051 1189 quo
1080 1125 1186 1190 appa-

217 1211 266 1264 ret
297 1200 379 1266 hane
412 1199 584 1286 pecuniam
612 1202 708 1264 erarii
733 1203 875 1289 qratuita'
899 1223 964 1266 esse
986 1226 1100 1290 genus,
1128 1205 1187 1270 in-

218 1305 342 1368 venitur
379 1305 413 1368 in
451 1303 601 1368 Oratione
637 1303 671 1368 in
710 1305 936 1390 Nicostratum,
982 1304 1031 1371 his
1068 1308 1186 1374 serbis:

219 1406 317 1494 χίλιάς
338 1431 370 1472 τε
399 1407 533 1492 δραχμὰς
560 1408 669 1487 ἔρανον
697 1408 781 1493 αὐτῷ
809 1411 851 1483 εἷς
873 1413 911 1474 τὰ
935 1409 1028 1496 λύτρα
1052 1412 1186 1486 εἷςοίσοι·

214 1509 328 1601 μι(1).
373 1507 555 1595 cujusmodi
577 1509 673 1596 igitur
694 1512 802 1606 ἕραοοο
825 1511 867 1576 ad
886 1513 1059 1600 collegium
1078 1512 1186 1601 quod-

218 1615 291 1680 dam
307 1612 625 1694 oatraordinarium,
648 1611 733 1676 unde
755 1613 859 1677 orirnii
881 1613 1185 1702 auxiliiindigentes

211 1721 411 1805 juvarentur,
434 1715 542 1780 retulit
564 1715 726 1781 Heraldus.
771 1719 889 1804 Negari,
906 1719 1034 1805 quidem
1056 1720 1184 1806 nequit,

215 1823 294 1908 quin
319 1818 514 1884 heneficium
541 1817 654 1902 captivi
676 1817 853 1882 redimendi
877 1820 916 1883 sit
941 1821 1105 1895 eximium,
1129 1831 1184 1885 at-

214 1945 279 2011 que
302 1921 385 1987 illud
400 1917 605 2004 hujusmodi,
627 1927 679 2001 ut,
702 1918 759 2005 qui
779 1917 906 1994 reddat,
928 1942 993 1984 non
1012 1920 1106 1985 iaoile
1125 1921 1184 1987 in-

157 2095 160 2100 ,
214 2027 338 2091 venias:
369 2021 424 2087 sed
453 2021 532 2085 haee
569 2040 632 2083 non
664 2018 805 2102 obstant,
834 2040 899 2106 quo
926 2021 1031 2091 minus
1054 2019 1183 2107 eodem,

214 2151 278 2216 quo
304 2117 421 2192 caeteri
446 2125 549 2208 orani,
581 2123 712 2187 consilio
737 2122 948 2209 conferretur,
971 2146 1076 2212 neque
1100 2112 1181 2193 adeo

214 2231 299 2295 dono
315 2229 457 2314 daretur,
479 2240 515 2293 ut
529 2251 564 2292 ex
588 2226 717 2292 Heraldi
738 2225 892 2292 sententie
914 2227 1051 2292 confecit
1071 2230 1181 2315 Span-

215 2331 339 2396 hemius
354 2328 427 2418 ·(2)‚
450 2341 482 2394 et
506 2351 579 2394 vero
601 2329 744 2416 probarit
763 2341 949 2416 argumento
971 2353 1008 2395 er
1027 2331 1094 2417 ipso
1114 2335 1183 2403 De-

214 2435 377 2502 mosthene
398 2434 510 2517 dueto‚
533 2433 590 2497 uhi
607 2434 641 2498 in
661 2433 773 2498 eadam
795 2435 960 2520 Oratione,
981 2434 1069 2501 haud
1090 2440 1183 2504 mul-

215 2552 248 2606 to
272 2551 358 2627 post,
381 2549 556 2627 sequuntur
581 2536 677 2602 verba
699 2536 793 2604 haec:
816 2541 977 2606 καὶτοῦτο
1000 2540 1099 2606 ἐλὼκοι
1122 2544 1183 2609 dor.
1211 2579 1212 2583 =

214 2649 286 2730 ρεὰν
319 2645 393 2709 αὐτὸ
425 2646 459 2707 τὸ
494 2645 654 2728 ἀργύριον,
686 2644 738 2706 καλ
767 2643 903 2726 ὁμολογῶ
933 2644 1097 2710 δεδωκέναι
1121 2642 1180 2734 (3)

214 2747 277 2813 Sed
300 2748 422 2836 integer
445 2749 535 2810 locus
558 2747 618 2811 erit
637 2737 806 2834 legendus,
830 2768 894 2832 quo
911 2747 1009 2832 magis
1031 2748 1182 2815 animad-

212 2863 368 2917 vertamus
389 2850 521 2920 Heraldi
540 2849 798 2933 inconstantiam,
820 2849 1001 2914 affirmantis
1018 2849 1071 2935 id,
1094 2849 1183 2938 quod

207 2955 274 3040 jam
305 2965 485 3042 negaverat,
517 2955 668 3018 nimirum
704 2957 814 3039 ἔρανον
841 2953 967 3043 άοοοοοο
994 2976 1060 3018 esse
1091 2977 1180 3022 mere
1253 3026 1255 3031 ,

193 3059 402 3146 vqrotm'tum.
458 3057 507 3121 An
540 3057 683 3132 fortasse,
715 3053 801 3142 quod
830 3054 940 3118 dixerit
968 3053 1180 3141 Apollodorus

209 3182 244 3224 se
269 3161 440 3246 pecuniam
464 3166 505 3236 εἰς
531 3165 570 3226 τὰ
598 3161 691 3246 tattone
713 3153 856 3224 dedisse?
901 3157 967 3242 An,
990 3159 1077 3245 quod
1101 3183 1179 3226 rer-

209 3266 250 3330 be
281 3270 333 3331 καλ
359 3266 494 3350 ὁμολογῶ
524 3265 704 3346 δεδωκέναι,
740 3283 822 3350 quae
854 3259 939 3325 haud
973 3262 1075 3326 multo
1108 3274 1178 3349 post

208 3368 294 3456 apud
322 3369 486 3434 Oratorem
516 3377 706 3449 occurrunt,
735 3363 818 3428 hano
843 3363 1029 3428 sententiam
1051 3364 1177 3430 confir-

208 3469 317 3536 ment?
362 3471 425 3536 Sod
448 3493 572 3554 vereor,
595 3491 635 3534 ne
661 3466 871 3554 Apollodorus
892 3465 972 3531 haec
990 3468 1176 3556 subjecerit,
1217 3523 1220 3528 .

208 3584 243 3656 ut
267 3573 416 3659 probaret
440 3574 609 3661 pecuniam
632 3593 741 3637 revera
767 3571 861 3634 fuisse
888 3572 1045 3638 collatam.
1089 3576 1173 3642 Hine

205 3677 300 3742 facile
325 3677 441 3744 confici
469 3689 587 3764 potest,
611 3677 722 3764 quanti
747 3675 909 3740 interesset
937 3676 1068 3742 civitatis
1089 3699 1174 3766 eap-

207 3779 284 3845 tiros
317 3780 448 3868 redimi,
479 3802 521 3846 ne
552 3779 690 3870 hostium
726 3778 776 3843 illi
806 3779 963 3867 mancipia
991 3793 1171 3870 manerent,

209 3961 554 3978 m

238 4051 278 4120 (l)
299 4049 364 4105 virt.
391 4071 419 4121 p.
446 4054 523 4106 1249.
549 4050 627 4104 Tem.
654 4048 695 4102 ΙΙ.
718 4049 752 4102 R.
785 4041 839 4119 Ι(λ)
860 4049 905 4100 nt
931 4045 1126 4105 Callimachum
1147 4053 1177 4106 in

203 4129 300 4201 Hymn.
327 4136 356 4186 in
380 4135 472 4190 cerer.
497 4154 525 4191 v.
552 4134 596 4186 73.
632 4130 712 4184 Cotti.
732 4131 843 4183 Herald.
864 4128 978 4182 Observ.
997 4131 1030 4181 ad
1047 4131 1096 4184 λιιι
1117 4132 1176 4186 Ate

128 4247 133 4262 a
200 4222 229 4270 et
243 4215 320 4274 nom.
334 4217 388 4291 tt,
403 4221 429 4274 3.
467 4220 508 4292 (3)
528 4218 592 4276 vict.
615 4217 711 4274 Oratio
731 4217 760 4272 in
778 4215 961 4273 Nicostratum
978 4215 998 4267 1.
1018 4215 1058 4362 h
