2904 4826
604 541 765 608 *as-
850 625 853 632 ¹

190 723 298 792 ,luisse
314 723 547 808 benefactores,
565 722 708 812 asleoque
722 723 917 789 beneficium
932 723 991 790 niti
1006 735 1097 814 pacto
1110 722 1171 820 iu·

204 841 253 893 ter
268 828 368 894 socios
381 826 470 892 inito.
505 823 613 908 Quid?
635 826 721 914 quod
734 837 899 893 contractu
910 828 1010 900 ¹initur
1025 829 1171 913 societas,

203 952 224 995 a
252 929 316 1016 quia
347 928 451 993 differt
477 929 667 1015 collegium,
697 939 849 1016 tanquam
882 952 981 1017 genus
1009 953 1028 996 a
1057 922 1173 1018 specie,

204 1034 287 1098 llinc
305 1033 511 1098 eranistarum
534 1032 706 1118 collegium
730 1033 883 1096 niteretur
905 1045 1069 1100 contractu
1092 1057 1172 1121 quo·

205 1134 277 1200 dam
290 1135 454 1219 aleatorio,
470 1134 562 1219 cujus
573 1135 713 1199 incertus
726 1147 772 1200 est
783 1148 928 1202 eventus:
943 1155 1082 1226 namque
1095 1137 1175 1204 iniit

204 1239 353 1304 societate
384 1260 448 1304 non
474 1239 581 1309 simul,
597 1249 733 1324 constat,
762 1238 833 1325 quis
858 1239 1016 1306 sociorum
1040 1241 1174 1329 pensio-

202 1345 255 1410 nis
281 1345 388 1410 illatae
417 1342 558 1406 fructum
584 1354 792 1430 percepturus
821 1343 868 1408 sit.
913 1341 1020 1426 Quare
1045 1341 1176 1430 benetie

205 1449 309 1532 cium,
332 1446 418 1535 quod
436 1459 527 1535 urget
544 1447 713 1532 Heraldus,
736 1447 865 1512 missurn
880 1447 1051 1526 iaciamus,
1074 1469 1176 1535 quum

202 1550 400 1616 beneficium
427 1573 492 1615 non
521 1562 614 1638 pacto
641 1549 729 1634 dari,
759 1547 814 1614 sed
840 1549 934 1638 gratis
960 1551 1098 1616 conferri
1121 1557 1177 1616 so—

203 1656 277 1720 leat
323 1652 418 1736 Quod
442 1665 549 1720 tamen
578 1675 642 1718 non
667 1651 819 1740 impedit,
849 1673 913 1738 quo
939 1653 1044 1718 minus
1064 1663 1179 1720 tenea-

203 1779 276 1824 mus
301 1760 409 1844 ἔρανον
431 1781 497 1824 esse
517 1759 728 1844 beneficium,
751 1757 838 1847 quod
863 1759 906 1825 ita
932 1758 1039 1846 datur,
1062 1770 1098 1824 ut
1118 1781 1178 1825 re-

205 1862 305 1949 cipias
329 1885 386 1950 par
411 1864 494 1952 pari:
519 1875 566 1929 est
587 1863 673 1927 enim
697 1861 777 1926 haec
803 1861 898 1926 tacita
918 1861 1075 1949 quaedam
1095 1875 1179 1929 con-

207 1964 305 2050 ditio,
338 1989 420 2053 quaa
456 1966 556 2053 magis
590 1964 742 2050 aequitati
770 1963 921 2048 bonoque
956 1985 1031 2052 erga
1059 1965 1178 2031 amicos

209 2067 333 2152 animo,
355 2088 451 2154 quarn
475 2067 606 2153 quidem
630 2063 822 2146 contractui,
844 2063 934 2128 inest

250 2169 337 2232 llaec
362 2167 402 2232 ad
425 2166 554 2232 Heraldi
577 2167 758 2254 opinionem
775 2165 982 2231 refellendam
1004 2167 1179 2256 sufficiant,

205 2269 345 2357 putantis
381 2269 553 2354 nimirum,
588 2281 657 2334 tum
683 2270 725 2354 ,in
763 2269 913 2354 Graecia,
946 2280 1016 2335 turn
1044 2271 1179 2338 maxime

206 2375 355 2458 Athenis,
377 2375 511 2462 riguisse
537 2374 672 2461 collegia
697 2373 821 2461 legibus
844 2373 1040 2461 judiciisque
1060 2373 1180 2458 adstri-

207 2491 278 2565 cta,
307 2463 423 2566 quibus
448 2477 494 2541 uil
520 2475 607 2542 aliud
632 2489 711 2542 esset
736 2477 948 2564 propositum,
977 2475 1037 2541 nisi
1061 2487 1098 2542 ut
1122 2497 1181 2540 sc-

209 2580 415 2647 ciussocium
431 2601 450 2644 a
464 2579 695 2651 calamitatibus
711 2602 858 2646 securum
874 2591 1053 2668 praestaret.
1086 2577 1181 2663 Quod

208 2683 340 2772 quidem
372 2703 462 2747 secus
496 2682 684 2768 obtinuisse,
715 2704 791 2748 curn
822 2705 858 2748 ex
889 2695 961 2750 ante
993 2681 1087 2748 dictis
1113 2682 1183 2770 jam

210 2798 348 2870 constat,
371 2797 441 2850 turn
462 2786 544 2851 iufra
566 2785 743 2852 ridebimus
766 2785 778 2878 (
799 2784 822 2876 ).

253 2890 445 2959 Rationibus
472 2891 569 2977 igitur
595 2889 776 2976 subductis,
801 2911 862 2956 neo
887 2911 960 2956 sara
989 2887 1089 2954 rideri
1114 2905 1182 2975 po-

209 3008 269 3063 test
294 2995 424 3063 Heraldi
446 2996 619 3078 sententia,
651 2995 833 3060 affirmantis
849 2993 973 3081 judicia
997 3016 1063 3058 esse
1083 2992 1188 3058 insti*

208 3110 276 3166 tuta
301 3110 429 3187 propter
456 3100 617 3182 ὀφλήματα
640 3100 895 3186 εΐςπεπραγμὲαα,
925 3113 1063 3186 quorum
1089 3117 1186 3161 meu·-

209 3201 329 3266 tionem
365 3202 477 3288 injecit
515 3204 620 3269 isaeus
653 3199 734 3292 (2),
763 3202 817 3266 sed
856 3201 1017 3285 ὀφλήματα
1051 3203 1125 3267 illa·
1146 3221 1184 3267 ex

209 3325 310 3371 erano
336 3319 512 3394 contracta,
541 3309 567 3374 si
593 3308 693 3374 debiti
719 3319 865 3373 naturam
894 3305 1051 3392 induunt,
1075 3307 1122 3372 uti
1147 3327 1185 3373 ex

208 3408 277 3497 ipsi
305 3431 383 3476 voce
415 3423 560 3498 apparet,
593 3434 658 3478 non
693 3413 753 3476 nisi
784 3411 824 3477 ad
853 3408 996 3476 debiturn
1022 3410 1184 3498 naturale,

206 3546 579 3570 h—-m--r—-n

239 3606 282 3676 (1)
303 3607 356 3661 Hic
378 3625 432 3662 uon
449 3626 574 3677 pomum,
593 3608 660 3678 quin
678 3605 802 3664 salmasii
818 3606 1022 3660 incomtsntiam
1038 3606 1123 3659 verbo
1139 3622 1192 3660 sx-

204 3707 318 3760 ponam3
342 3693 390 3760 qui
415 3711 497 3762 quum
512 3693 595 3762 'prius
614 3694 728 3748 tirmiter
743 3701 862 3762 negasset
878 3693 977 3762 judicia
1000 3691 1136 3744 eranistica
1154 3691 1190 3746 sd

205 3779 328 3824 nostrum
350 3791 459 3827 eranum
485 3777 637 3842 pertinere,
666 3784 756 3844 postca
783 3761 817 3828 ab
846 3776 965 3828 Heraldo
991 3775 1079 3829 victus
1103 3775 1190 3844 priori

204 3855 333 3908 seumntit
361 3873 472 3925 prorsus
496 3859 578 3912 cadit.
614 3857 681 3912 vid.
699 3860 732 3911 de
747 3857 845 3913 Usuris
861 3857 894 3909 C.
913 3859 938 3909 3.
953 3876 980 3926 p.
996 3859 1047 3923 493
1065 3857 1101 3911 cf.
1118 3858 1190 3912 Mia-

204 3939 266 3990 cell.
284 3939 404 4006 dasena,
426 3939 459 3993 C.
476 3943 500 3992 1.
517 3959 545 4009 p.
563 3943 598 4008 6,
618 3941 665 3994 ubi
682 3943 822 3994 assentitur
840 3939 997 3994 Casaubono
1015 3947 1043 3992 et
1060 3939 1188 3994 Heraldo.

146 4087 148 4090 Ι
205 4019 285 4072 Cous.
312 4021 464 4077 Casaubon.
492 4027 526 4078 ad
551 4025 735 4102 l.,'l'beophr.
761 4026 861 4093 Cbar.;
889 4027 998 4080 Herald.
1020 4027 1136 4084 Obserr.
1162 4036 1190 4082 et

206 4100 319 4155 Emeud.
337 4105 370 4158 C.
388 4107 432 4158 44.
450 4115 477 4160 ct
495 4099 610 4162 Obserr.
629 4110 663 4162 ad
680 4111 728 4162 Jus
746 4111 804 4162 Ata
822 4117 849 4162 et
864 4109 941 4163 Rom.
959 4109 1012 4162 Vl.
1032 4113 1056 4162 1.
1093 4109 1190 4183 (utba

207 4182 322 4254 Hagniae
341 4185 456 4242 beredit.
473 4209 501 4259 p.
517 4192 577 4244 294.
597 4195 678 4264 (88),
697 4191 775 4246 Tom.
793 4191 928 4258 V11.lt.;
947 4191 1057 4245 Herald.
1072 4191 1188 4250 Observ.

207 4265 242 4318 nd
259 4265 311 4321 lus
325 4268 385 4332 Att.
401 4277 429 4326 et
445 4271 522 4328 Rom·
540 4273 595 4333 Vl.
610 4277 636 4330 3.
672 4275 811 4348 utsupra
833 4276 860 4346 ᾗ.
878 4274 896 4328 4
915 4281 943 4330 et
960 4277 985 4330 5.
1004 4272 1033 4331 b.
1050 4293 1074 4329 c.
