2886 4826
690 519 850 580 ...26-

289 703 380 770 variis
411 702 505 768 rebus
534 703 595 766 sire
626 699 824 787 portionibus
858 697 898 763 ad
929 719 1061 764 coenam
1093 702 1188 785 datis3
1219 704 1251 767 in

254 868 257 876 .
289 831 326 875 eo
349 829 471 892 sumus,
493 817 545 890 nt,
571 806 789 870 Romanorum
813 803 848 866 in
869 801 918 866 his
940 804 1087 870 conviviis
1108 807 1252 871 versandi

287 935 376 982 more
400 921 580 998 perspecto,
602 920 740 972 nostram
766 905 805 972 de
836 905 923 970 bisce
944 908 1045 972 eranis
1066 909 1253 973 sententiam

290 1016 545 1098 corroboremus,
568 1033 650 1100 qnae
674 1011 784 1076 nititur
806 1029 888 1072 nexu
910 1007 1047 1096 quodam
1065 1010 1147 1074 inter
1166 1033 1253 1075 eon-
1290 1039 1294 1048 ·

225 1198 227 1208 y
289 1121 368 1186 sirie
387 1120 444 1184 illa
472 1117 620 1184 solutiora
646 1113 858 1193 Graecorum,
881 1131 981 1197 eaque
1006 1111 1088 1174 inter
1112 1111 1254 1196 ejusdem

292 1222 419 1308 collegii
443 1221 542 1284 socios
565 1216 731 1282 celebrata.
777 1213 972 1278 Graecorum
1001 1224 1105 1278 tamen
1132 1233 1254 1278 morem
1321 1258 1327 1268 1
1421 1213 1423 1232 “

292 1327 331 1392 ab
370 1326 426 1389 illo
461 1323 679 1390 Romanorum
713 1314 946 1404 quodammodo
993 1314 1185 1400 discrepare,
1218 1335 1255 1378 er

292 1425 467 1508 Ciceronis,
503 1442 584 1508 qnae
617 1419 761 1502 afferam,
797 1419 898 1483 serbis
937 1418 1033 1485 facite
1079 1418 1255 1505 apparebit:

292 1527 389 1616 »Epo
423 1546 513 1608 ocra,
550 1524 661 1610 inquit
686 1522 743 1586 illo
777 1519 929 1609 (Caesar),
966 1524 1123 1609 quoniam
1157 1523 1256 1586 oolla-

293 1643 404 1696 ›rctom
429 1652 451 1694 a
473 1627 626 1711 concina,
650 1624 786 1708 Crasse,
812 1627 933 1713 calpis,
955 1648 1024 1692 non
1038 1627 1256 1710 committam,
1369 1656 1371 1660 ·
1423 1617 1424 1646 l

293 1746 371 1818 ont,
394 1735 427 1798 ei
448 1733 641 1820 defugerim,
671 1729 733 1794 atta·
759 1750 897 1796 cansam
922 1728 1073 1816 aliquam
1101 1729 1172 1793 mm
1196 1751 1256 1791 m-
1336 1767 1338 1776 ι

293 1834 458 1902 >sectandi
488 1831 561 1923 ().”
625 1833 696 1914 Quo
742 1833 814 1896 loco
859 1832 885 1894 si
928 1843 1026 1898 totam
1066 1831 1257 1918 disputatio-
1286 1916 1290 1924 .

293 1961 383 2024 nem,
413 1936 559 2026 quaeda
591 1935 740 2002 conviviis
768 1934 899 1998 minime
923 1933 1065 2000 instituta
1094 1947 1154 2020 est,
1183 1957 1259 2022 spe-

295 2054 431 2126 ctemus,
453 2039 575 2104 ridetur
599 2039 645 2104 ibi
670 2039 780 2105 Caesar
798 2038 906 2102 lusisse
923 2038 958 2103 in
974 2040 1122 2104 conririis
1143 2039 1257 2124 hujus-

294 2147 398 2221 modi,
422 2145 478 2211 ubi
502 2168 521 2212 a
546 2146 682 2210 censivis
715 2142 844 2208 definita
874 2141 1031 2229 quaedam
1054 2165 1125 2230 pars
1151 2146 1260 2232 colligi

296 2255 426 2334 soleret,
448 2273 513 2316 non
534 2271 608 2316 vero
632 2261 786 2337 quantum
810 2249 943 2335 quisque
967 2250 1068 2314 vellet.
1114 2249 1260 2335 lingebat

295 2358 381 2424 enirn
405 2355 530 2422 Crassus
554 2357 733 2441 Caesarem,
763 2354 802 2420 de
830 2365 897 2426 toto
927 2352 1054 2438 jocandi
1083 2375 1196 2440 genere
1224 2365 1261 2425 ut

296 2461 484 2548 disputaret,
507 2462 585 2548 qnid
607 2463 749 2546 sentiret,
777 2462 836 2526 ita:
866 2483 907 2524 aa
939 2483 1005 2548 qna
1023 2453 1263 2548 forto'dicendi

292 2587 377 2653 porr
405 2566 444 2628 in
465 2565 525 2630 loc
546 2566 608 2630 tali
628 2578 718 2629 coetu
738 2577 834 2652 atquo
855 2566 893 2627 in
919 2577 988 2629 tom
1011 2577 1166 2629 accurato
1187 2587 1261 2628 sara-

296 2690 391 2734 mone
415 2669 596 2752 praeterito
628 2689 697 2730 aare
721 2665 890 2730 videretur.
937 2665 1027 2730 Idem
1052 2667 1195 2731 obtinere
1228 2667 1262 2730 in

296 2765 464 2830 menstruis
489 2768 692 2852 pensionibus
716 2766 873 2853 erigendis
900 2767 939 2832 ab
965 2769 1017 2853 iis,
1047 2770 1102 2856 qni
1128 2771 1265 2858 collegio
1308 2837 1310 2845 ,

296 2869 424 2935 cuidam
452 2869 570 2934 addicti
602 2882 689 2954 sunt,
711 2871 807 2956 infra,
829 2871 886 2936 ubi
917 2873 995 2960 quid
1023 2875 1061 2938 sit
1088 2875 1261 2960 πληρῶσαι,

299 2973 383 3062 quid*
406 2973 539 3042 ἐκλιπεῖν
559 2981 613 3043 τὸν
640 2979 748 3062 ἔρανον
777 2978 1047 3063 explicaverimns,
1070 2980 1263 3044 luculentius

298 3077 470 3162 apparebit.
516 3079 579 3145 sed
600 3082 705 3166 locus,
738 3081 773 3145 in
802 3103 866 3170 quo
895 3105 1018 3166 sumus,
1041 3083 1084 3147 ita
1117 3083 1176 3150 erit
1209 3105 1265 3146 er-

298 3180 479 3268 plicandus,
501 3193 537 3246 ut
562 3181 601 3247 ad
626 3184 767 3250 convivia
790 3185 937 3250 solutiora
961 3187 1123 3251 referatur.
1173 3185 1267 3267 Quod

301 3307 365 3373 quo
404 3284 502 3371 magis
542 3284 720 3371 credamus,
763 3289 866 3375 arguit
900 3311 956 3353 vor
994 3292 1144 3374 concion,
1180 3288 1265 3353 unde

302 3389 454 3475 suspicari
487 3389 563 3452 licet
595 3389 633 3454 de
664 3392 752 3455 nulla
789 3392 850 3456 alia
883 3415 917 3455 re
953 3393 1013 3455 nisi
1048 3391 1086 3455 de
1120 3391 1268 3456 conviviis

303 3493 454 3579 cogitasse
479 3491 656 3576 Caesarem3
678 3515 742 3557 non
765 3493 842 3558 adeo
865 3495 904 3560 de
934 3496 972 3559 iis
997 3518 1078 3584 quae
1105 3496 1143 3560 de
1170 3519 1268 3590 sym-

301 3597 385 3660 bolis
406 3607 496 3661 rocat
521 3595 698 3680 Terentius,
723 3618 786 3682 quo
809 3599 946 3682 nemini,
969 3598 1029 3662 nisi
1059 3598 1116 3683 qni
1151 3607 1269 3664 contu-

300 3701 401 3784 lisset,
437 3699 590 3768 accedere
635 3701 767 3782 licebat3
803 3724 912 3768 rernm
952 3701 991 3766 dc
1034 3701 1095 3768 alio
1128 3701 1268 3788 quodam

301 3804 516 3870 conviviorum
543 3829 673 3890 genere,
705 3807 763 3871 ubi
796 3830 923 3896 quoqne
949 3829 1180 3895 nonnunquam
1209 3806 1270 3872 ad-

300 3906 507 3972 mittebantur
533 3909 678 3996 qnidam,
708 3911 829 3980 etiamsi
854 3911 934 3976 nihil
965 3912 1182 3994 contulissent,
1205 3931 1269 3974 non

305 4007 390 4071 enim
415 4007 491 4075 dixit
515 4011 626 4078 Caesar
651 4033 683 4077 sc
709 4014 839 4080 omnino
864 4035 881 4078 a
905 4013 1027 4099 Crasso,
1050 4014 1075 4080 si
1103 4011 1270 4100 ἀσύμβολος

306 4147 660 4166 m

334 4219 376 4288 tl)
397 4219 440 4270 Do
458 4215 572 4272 Oratore
591 4219 631 4272 11.
649 4223 694 4272 57.
