2904 4826
612 529 786 595 ...77-

220 713 373 781 s'enteutia
401 715 526 780 nullum
550 711 661 798 habet,
679 734 749 801 ¹quo
776 712 912 798 nitatur,
934 711 1184 781 fundamentum.

218 821 324 901 Quare
352 839 426 882 eum
458 815 519 882 hac
549 815 583 880 in
611 837 646 879 re
675 837 792 880 errasse
817 837 926 880 omues
952 817 1047 881 velim
1075 819 1185 884 anim-

221 923 381 988 advertant
405 917 462 1008 (1).
521 918 676 1006 Equidem
712 921 832 1005 theron
858 931 927 984 turn
961 918 1090 984 demum
1119 941 1186 984 esse

219 1021 434 1107 reddendum,
457 1021 566 1119 siilli,
592 1021 648 1108 qui
671 1022 883 1106 accepissent,
905 1021 1077 1107 haberent,
1099 1022 1186 1110 quod

218 1127 401 1212 redderent,
425 1149 501 1192 cum
524 1127 675 1192 Salmasio
697 1125 788 1191 valde
811 1125 1039 1193 contenderim.

263 1234 304 1298 Ut
350 1232 391 1297 ad
429 1231 633 1318 Theophrasti
666 1233 775 1296 locum
811 1231 993 1316 redeamus,
1028 1242 1093 1296 toto
1122 1230 1185 1297 hoc

218 1335 406 1401 Charactere
440 1337 598 1422 perlecto,
636 1336 731 1401 facile
766 1336 946 1422 apparebit,
979 1357 1052 1402 eum
1086 1338 1184 1425 egisse

219 1435 259 1502 de
283 1439 340 1518 iis,
370 1440 426 1525 qui
450 1451 547 1526 sorte,
576 1461 672 1528 quam
692 1439 767 1526 ipsis
790 1438 842 1502 Dii
867 1437 1029 1525 dederint,
1051 1443 1184 1510 minime
1279 1491 1282 1499 ·

219 1541 360 1613 contenti
377 1543 493 1627 viraut3
515 1564 579 1630 qua
601 1542 766 1607 occasione
784 1551 923 1626 arrepta,
949 1541 1043 1607 simul
1063 1542 1185 1631 depin-

218 1643 264 1730 git
289 1665 380 1720 eum,
410 1645 485 1732 qui,
513 1666 614 1733 quum
639 1641 829 1731 aliquando,
851 1663 947 1730 quam
969 1642 1099 1710 obrem
1118 1667 1185 1712 ne-

154 1733 159 1740 ’
217 1745 299 1828 scio,
331 1768 462 1813 erenum
496 1748 536 1813 ah
565 1746 675 1814 amicis
707 1744 895 1830 accepisset,
924 1755 1031 1830 postea
1056 1746 1184 1816 cuidam

217 1847 369 1936 gaudium
393 1851 452 1936 ipsi
481 1849 542 1916 hac
564 1849 603 1915 de
630 1871 664 1914 re
690 1847 853 1933 objicienti
872 1847 962 1912 valde
982 1870 1104 1915 morose
1124 1874 1185 1918 re-

217 1951 356 2044 spondit:
395 1952 488 2040 Qm'd
498 1953 625 2041 juvat?
659 1947 837 2015 Reddenda
858 1950 947 2012 enim
966 1950 1108 2015 cethaee
1117 1975 1184 2039 pe-

217 2059 317 2122 ererre'c
340 2057 504 2146 ainprrlir,
532 2057 592 2145 qui
615 2052 790 2129 dedemnt3
819 2063 852 2115 et
874 2050 933 2116 hoc
952 2051 1112 2138 amplius,
1135 2066 1187 2118 eet

101 2217 105 2225 .
214 2172 384 2246 pretereo
413 2182 537 2248 mayoc
566 2159 611 2221 iis
641 2154 791 2219 debenda
811 2155 924 2242 pratia
944 2175 1010 2240 pro
1033 2153 1183 2242 beneficio

217 2263 256 2325 eis
277 2284 328 2326 me
352 2261 476 2326 collato.
499 2294 545 2310 -
564 2259 636 2322 liuc
659 2257 745 2322 enim
768 2277 875 2322 sensus
897 2254 987 2320 redit.

259 2363 356 2426 Multa
378 2375 450 2426 sunt
470 2361 532 2427 alia
550 2362 636 2444 ioca,
660 2358 745 2424 unde
765 2359 871 2424 ridere
897 2371 943 2423 est
966 2380 1096 2426 eranum
1116 2383 1182 2429 esse

215 2453 385 2552 aliquando
399 2455 613 2547 reddendum,
637 2483 791 2550 quorum,
812 2485 853 2527 ne
868 2464 980 2550 longus
989 2463 1066 2550 ¹sim,
1080 2487 1182 2532 unum

216 2571 389 2636 alterumue
412 2587 578 2654 exponam:
602 2565 647 2630 sic
670 2565 834 2630 Terentius
856 2567 890 2631 in
912 2565 1138 2658 Phormione(
1159 2565 1182 2656 ).

341 2689 447 2744 interea
465 2689 561 2755 amici,
579 2688 654 2760 qudd
670 2689 787 2758 polliciti
803 2689 884 2756 erint,
904 2688 1014 2742 dabrmt.

342 2771 410 2856 Inde
425 2774 475 2825 iste
492 2772 596 2825 reddet.

217 2871 346 2946 Plautus
368 2882 403 2946 in
424 2881 580 2946 Asinaria:

183 3015 185 3018 ·
245 3003 325 3057 Nunc
339 3021 443 3074 pergem
459 3003 493 3056 ed
510 3003 612 3067 iorum,
637 3008 717 3072 etque
731 3002 854 3071 experiar
871 3004 983 3072 opibus,
1003 3006 1076 3058 omni
1092 3006 1184 3076 copia:

244 3085 423 3157 Supplicaho,
442 3088 640 3152 exobsecrabo,
659 3093 690 3137 ut
705 3103 840 3156 quemque
857 3087 968 3139 amicum
987 3089 1099 3143 videro:

242 3170 366 3238 Dignos,
384 3171 506 3240 indiguos
524 3171 597 3222 adire
609 3176 718 3240 ,ratque
736 3169 852 3238 experiri
870 3178 973 3223 certum
990 3179 1030 3224 est
1045 3172 1122 3226 mihi.

242 3249 313 3305 Nam
329 3253 351 3306 si
367 3261 472 3307 mutuas
488 3269 543 3306 nou
559 3259 673 3322 potero,
692 3259 796 3304 certum
812 3259 852 3304 est
868 3269 969 3306 sumam
984 3255 1094 3309 foenore
1113 3259 1167 3329 (3).

256 3375 309 3440 Illi
330 3376 527 3441 comicorum
549 3395 655 3440 versus
680 3374 715 3438 in
740 3374 850 3460 primis
875 3375 914 3441 de
937 3397 1032 3442 erano
1054 3379 1183 3446 amico-

212 3501 285 3546 rum
317 3479 496 3567 accipiendi
531 3479 691 3545 videntur:
728 3502 867 3568 namque
902 3481 928 3546 si
963 3483 1033 3570 quis
1064 3484 1182 3551 amicos

245 3658 286 3729 (1)
306 3657 373 3713 Vid.
389 3660 501 3714 Heralel.
520 3659 635 3716 Obserr.
654 3668 683 3714 et
697 3659 813 3714 Emend.
832 3661 865 3714 C.
880 3663 923 3714 id.
959 3662 1002 3716 Cf.
1017 3662 1133 3723 observ.
1150 3671 1186 3724 ad

208 3738 257 3790 lus
278 3740 336 3794 stt.
353 3749 383 3794 et
399 3742 477 3796 Rom.
497 3741 550 3797 vl.
572 3746 606 3811 1,
634 3744 681 3796 uhi
699 3745 778 3796 etiam
797 3744 864 3796 dicit
879 3745 977 3816 ἔρανον
995 3767 1049 3802 esse
1066 3753 1186 3807 redden-

206 3822 271 3874 dum
298 3827 370 3876 sard
392 3844 442 3887 τις
469 3827 590 3896 adeoque
614 3833 736 3879 mutarum
760 3843 815 3878 esse
837 3829 1009 3882 conditionale
1016 3849 1029 3893 ,·
1051 3834 1098 3886 sed
1114 3834 1186 3890 illud

205 3907 278 3957 seed
301 3925 331 3957 τι
353 3925 408 3959 uon
432 3915 472 3961 est
488 3909 609 3961 conditio
627 3905 799 3978 hujusmodi,
817 3907 871 3977 qud
888 3909 1034 3976 existente,
1053 3914 1113 3982 quis
1127 3920 1186 3968 sta·

205 3989 256 4041 tim
272 3991 378 4043 insono
397 3993 431 4045 ad
449 3993 617 4046 reddendum
631 3995 716 4064 possit
734 3993 811 4062 cogi,
831 3994 872 4046 uti
890 3993 959 4046 infra
973 3995 1134 4052 ridebimus.
1149 4025 1186 4043 ·-

205 4067 283 4122 Idem
307 4083 506 4143 perseveranter
533 4093 637 4130 cauma
664 4077 785 4129 defendit
820 4075 886 4147 (vl.
915 4079 975 4149 3.),
1003 4097 1085 4150 quum
1112 4084 1185 4138 dicat

205 4153 304 4225 ἔρανον
311 4191 321 4218 ,
349 4159 424 4228 quod
454 4160 488 4211 ad
516 4161 658 4214 consilium
684 4163 796 4228 attinet,
823 4179 877 4214 esse
906 4163 1002 4214 dossum
1024 4167 1182 4232 preteritum.

203 4240 247 4309 (2)
269 4240 330 4293 act.
357 4239 410 4296 ιν.
436 4239 515 4298 scau.
535 4244 561 4296 s.
587 4262 613 4302 v.
630 4243 676 4296 22.
692 4263 736 4315 aq.
786 4245 827 4316 (a)
847 4243 913 4300 vu.
929 4245 995 4299 aa
1013 4243 1038 4298 1.
1058 4241 1136 4299 sem.
1155 4247 1184 4306 a¹
1263 4291 1266 4303 .

203 4342 231 4381 t·-
249 4323 361 4418 92795.
