2904 4826
706 477 867 543 ...72-

299 661 392 728 siud
418 662 535 727 amieos
562 657 691 727 afflictos
713 662 768 726 ille
792 663 881 727 loeus
905 661 1092 748 pertineret,
1116 665 1268 750 scripsis-

300 776 347 830 set
377 765 466 830 Pluto
496 763 586 848 φίλοι
614 767 697 850 παρὰ
725 764 815 846 φίλου
837 764 886 827 vel
911 763 1024 846 ptime,
1058 775 1093 829 ut
1116 767 1267 852 ἐρανίζειν

299 867 490 956 significaret
523 889 638 958 rupere
673 889 812 931 ιιαιιιιιιι
846 861 903 954 (1).
952 865 1018 930 Nec
1054 865 1162 952 rideo,
1205 870 1264 956 qur

298 993 378 1058 opus
399 971 457 1054 sit,
479 981 516 1034 ut
539 971 630 1035 locus
658 969 703 1034 sic
728 957 928 1034 emendetur:
951 990 1089 1056 namque
1113 972 1179 1035 reri
1199 974 1267 1037 mi-

298 1071 333 1138 hi
354 1072 477 1140 videtur
503 1074 714 1157 simillimum,
737 1084 900 1138 auctorem
922 1073 962 1138 ad
982 1075 1188 1141 eranistnrurn
1212 1100 1268 1143 su-

299 1175 443 1261 cietntes,
487 1199 622 1266 quarum
669 1175 850 1240 Aristoteles
888 1176 1046 1262 meminit,
1087 1180 1264 1265 respexisse.

299 1273 358 1350 ‘cui
383 1284 554 1349 sententiae
574 1281 671 1347 fidem
695 1281 799 1346 faeere
821 1293 951 1368 possunt
974 1281 1102 1347 Scholia
1122 1283 1157 1346 in
1178 1283 1264 1348 alla-

298 1396 368 1450 tum
391 1386 529 1450 Plutonis
553 1388 678 1472 locum,
700 1384 749 1449 his
768 1385 885 1451 verbis:
913 1387 1046 1472 ’Ἔραιός
1067 1391 1129 1454 ἐστι
1147 1393 1266 1477 ιῖςφορά

297 1516 345 1566 τις
367 1493 494 1556 ἑκάστου
514 1493 627 1574 μηνὸς,
654 1491 730 1572 sile
753 1489 902 1576 συμβολῆς
925 1491 1067 1572 δεῖπνον,
1095 1497 1117 1576 ἤ
1136 1492 1263 1579 εὐωχία,

297 1601 320 1681 ι)
348 1596 411 1662 riuti
447 1593 536 1678 μέρος
564 1592 696 1658 δεῖπνον’
727 1594 779 1656 sut
806 1592 1000 1680 ’Epanterah
1034 1596 1096 1660 οἵτε
1122 1599 1179 1676 τὴν
1205 1597 1264 1668 εἷς.

298 1700 395 1782 φορὰν
421 1697 517 1785 aurire
540 1695 737 1781 ιῖςφέροιτις,
770 1697 822 1760 καὶ
845 1699 876 1761 οἱ
902 1699 1041 1763 κοινωνοὶ
1068 1695 1180 1782 sustene
1204 1696 1261 1788 (2).

254 1857 257 1866 .
299 1801 386 1865 Hnee
405 1808 575 1885 postrema,
598 1800 651 1863 sat
673 1797 868 1884 Ἐραιιιται,
891 1797 978 1863 hund
1002 1821 1148 1865 secusne
1169 1801 1265 1887 prio-

298 1924 335 1967 ra
347 1903 452 1988 ἕραιόι
466 1905 527 1967 ἐστι
540 1935 584 1949 -
595 1904 705 1984 μηνὸς,
733 1900 900 1966 nobiscum
914 1902 1008 1987 plene
1029 1903 1133 1968 iacere
1150 1904 1266 1970 viden·
1356 1931 1359 1941 2

300 2015 361 2069 tur.
375 2037 420 2054 ·-
433 2005 543 2090 Neque
565 2001 627 2070 ulis
650 2015 716 2069 erat
732 2004 1061 2098 Salmasii'sententis,
1084 2007 1264 2074 scribentis:

275 2173 277 2180 ,
299 2109 392 2175 »Nun
418 2109 520 2193 enim,
543 2119 579 2172 ut
603 2119 711 2172 censet
732 2108 778 2172 vir
797 2129 938 2173 summus
955 2107 1196 2198 (casaubonus),
1217 2111 1266 2175 lex

299 2210 402 2276 >these
434 2209 558 2294 statuit,
588 2219 624 2274 ut
652 2229 784 2273 erenum
814 2209 854 2274 ab
883 2211 985 2274 emico
1009 2212 1131 2298 exigere
1156 2215 1252 2280 licent

299 2312 377 2380 »sed
407 2324 443 2379 ut
477 2313 598 2378 unricus
626 2310 711 2397 apud
736 2310 853 2376 amicus
877 2313 973 2398 possit
1002 2316 1173 2402 convivari,
1210 2265 1272 2405 qui

299 2418 356 2484 »in
392 2415 574 2503 hujusmodi
611 2416 816 2481 eranistururn
851 2417 1030 2482 societatem
1057 2419 1179 2487 admitti
1203 2445 1265 2489 ve-

299 2517 384 2584 „lit”
406 2516 421 2608 (
441 2516 463 2607 ).

343 2624 381 2686 [ιι
411 2623 518 2688 emnia
552 2633 658 2686 tumen
688 2622 750 2686 elin
776 2622 831 2686 ivit
859 2623 1013 2690 Heruldus
1035 2625 1099 2716 (4),
1127 2628 1266 2696 Plutonis

298 2728 407 2791 lucum
440 2726 481 2790 ad
514 2725 631 2790 amicos
665 2746 780 2810 egenos
798 2776 800 2781 s
816 2725 971 2811 reserens,
1010 2731 1101 2815 enjus
1137 2731 1266 2818 quidem

299 2826 387 2890 ernni
401 2828 491 2892 nulle
505 2826 601 2890 fuisse
616 2825 768 2913 collegia,
784 2827 809 2889 si
823 2849 887 2892 non
902 2831 1133 2918 animadvertit,
1157 2836 1267 2900 anirn-

299 2928 462 2994 advertere
495 2939 581 2993 certe
613 2928 724 2993 noluit
769 2927 833 2995 sed
864 2953 928 3018 quo
960 2933 1055 2999 modo
1085 2935 1119 2999 in
1151 2957 1266 3024 egenos

299 3032 378 3120 quid
406 3034 493 3099 ernni
517 3033 646 3100 nomine
672 3034 809 3100 conferri
834 3038 946 3122 soleat,
972 3040 1176 3126 exsequenti
1202 3063 1264 3108 ee-

298 3135 363 3223 pite
385 3137 472 3222 sutis,
494 3148 529 3202 ut
551 3158 657 3222 spero,
680 3137 850 3223 apparebit.

329 3369 369 3439 (l)
389 3367 468 3420 cons.
486 3363 616 3434 Stephani
635 3361 716 3417 Thes.
734 3362 769 3414 L.
789 3361 841 3416 Gr.
864 3363 893 3415 in
911 3383 938 3419 r.
953 3365 1093 3435 'Epesocr
1112 3365 1222 3420 Salmas.
1238 3363 1271 3422 de

292 3453 390 3510 Usuris
417 3451 450 3506 C.
469 3452 495 3504 3.
520 3469 548 3520 p.
567 3449 610 3501 49.
655 3449 696 3517 (2)
725 3447 792 3500 vid.
820 3446 930 3501 Scholia
954 3467 969 3500 ιι
994 3447 1155 3503 Ruhnkenio
1181 3453 1269 3518 editu,

293 3557 322 3608 p.
333 3539 394 3590 239.
431 3535 473 3604 (3)
485 3531 551 3586 vid.
568 3533 602 3585 de
618 3531 725 3586 Usuris.
742 3531 761 3583 l.
772 3532 804 3596 l.;
826 3533 898 3585 coni.
915 3531 1064 3584 Csssubon.
1081 3535 1115 3584 sd
1132 3531 1272 3603 Theophr.

293 3617 376 3674 Cher.
394 3617 428 3670 C.
445 3613 511 3670 XV.
532 3617 558 3682 §-
572 3616 614 3682 2.;
633 3615 695 3668 add.
711 3623 798 3667 tumen
817 3612 929 3668 Salmas.
947 3615 1061 3668 Miscell.
1079 3617 1177 3671 defens.
1195 3619 1227 3671 C.
1245 3621 1271 3674 1.

292 3723 321 3774 p.
337 3705 373 3769 6,
398 3701 445 3754 ubi
464 3716 520 3752 non
536 3701 598 3751 setis
614 3699 665 3752 sihi
682 3705 802 3763 constit,
828 3715 912 3767 quum
931 3697 965 3750 de
983 3698 1102 3751 Plutonis
1119 3701 1208 3753 verbis
1225 3703 1272 3754 di-

218 3801 223 3808 ·
294 3785 348 3837 cit:
377 3781 476 3834 nhsud
492 3781 608 3832 multum
624 3781 724 3847 refert,
744 3787 834 3833 utrum
850 3781 987 3850 ἐρανίζειν
1008 3781 1152 3848 accipietur
1168 3784 1202 3835 de
1218 3803 1271 3853 pe-

295 3868 398 3919 »eunis
416 3866 590 3932 conserenda,
609 3883 642 3916 un
660 3866 801 3936 exigenda,
821 3866 942 3936 quemvis
960 3861 1013 3918 hoc
1028 3865 1109 3934 magis
1123 3867 1270 3934 prohem.''

295 3949 338 4017 (t)
357 3945 424 3999 viu.
451 3946 566 4001 Obserr.
591 3954 619 3999 et
643 3945 756 4000 Emend.
776 3945 808 3999 C.
834 3947 869 3998 43
888 3952 915 3998 et
932 3947 982 4016 445
1010 3945 1151 4005 observat.
1170 3949 1204 4002 sd
1221 3949 1270 4004 Jus

295 4032 354 4084 Au.
372 4037 399 4083 et
414 4029 492 4083 Rom.
509 4028 563 4086 VI·
582 4031 657 4084 1-5.

638 4192 894 4219 *w-
