2904 4826
599 519 760 584 ..37-

199 703 278 789 rim,
306 713 343 768 ot
376 701 471 768 simul
500 723 538 767 co
565 701 759 788 significetur
791 697 928 786 anticus,
958 698 1029 766 satis
1056 712 1162 769 mente

198 805 365 895 providens
387 827 419 872 se
440 807 530 872 nullo
554 816 647 893 pacto
678 802 816 890 effugere
842 823 947 888 posse,
978 804 1055 891 quin
1079 807 1164 870 ami-

200 931 259 994 co,
286 909 408 976 obviam
439 908 542 994 iacto,
575 905 786 973 etiamsinon
813 907 955 993 roganti,
988 929 1046 994 pro
1078 909 1161 974 viri-

198 1014 260 1079 bus
295 1023 508 1097 succurreret,
541 1022 707 1099 propterea
737 1009 823 1098 quod
846 1012 913 1096 ipsc
939 1011 1027 1098 prius
1051 1010 1165 1078 adrer-

198 1139 264 1184 sam
286 1117 445 1184 fortunam
467 1135 575 1203 passus
596 1112 636 1180 ab
661 1111 774 1178 eodem
803 1113 907 1179 amico
934 1111 1058 1199 adjutus
1079 1113 1165 1179 iuis-
1285 1141 1287 1148 ⁴

200 1230 246 1285 set
286 1224 327 1284 1.

244 1215 317 1386 sid)
332 1330 406 1386 utut
430 1320 485 1403 sit,
506 1339 557 1384 res
581 1315 786 1382 nihilominus
810 1298 923 1383 eodem
946 1317 1042 1404 redit,
1064 1339 1165 1406 quum

201 1424 274 1490 satis
296 1433 443 1510 appareat
468 1423 578 1508 ἔρανον
601 1421 636 1486 in
659 1419 710 1486 vit
733 1417 863 1508 quidem
888 1421 998 1510 colligi
1021 1422 1165 1509 solitum,

203 1537 236 1592 at
260 1526 355 1613 longo
380 1525 442 1590 alio
470 1521 565 1589 modo
590 1543 627 1588 sc
652 1521 869 1588 mendicantes
896 1524 1051 1611 cogebant
1081 1523 1167 1610 ἐλεη-

201 1637 355 1716 μοσύνην,
382 1618 423 1692 r're
447 1627 488 1712 ii,
516 1626 551 1690 in
582 1647 662 1714 quos
689 1627 796 1712 ἔρανος
827 1627 1041 1714 conferretur,
1069 1647 1166 1714 quom

202 1736 320 1801 vellent
340 1734 381 1798 in·
396 1730 446 1798 vit
466 1751 590 1818 rogasse
611 1729 801 1796 riderentur.

243 1836 404 1902 Habemus
427 1833 524 1920 igitur
546 1831 682 1920 effigiem
704 1832 842 1900 hominis
864 1834 1029 1900 illiberalis
1052 1833 1087 1898 iu
1112 1855 1167 1919 eo,

203 1935 289 2027 quod
316 1936 584 2025 opportunitatem
607 1933 702 2000 amici
723 1934 855 2020 juvandi
883 1937 1012 2002 ciudcre
1038 1928 1171 2003 conatus

201 2042 249 2107 sit.
295 2039 360 2111 En,
381 2035 469 2102 aliud
491 2034 622 2122 praehet
644 2034 877 2124 Theophrastus
901 2039 1079 2125 exemplum
1098 2037 1166 2104 ho-

199 2139 295 2206 minis
319 2142 429 2226 i'povor
452 2138 597 2202 conierre
620 2148 747 2202 strenue
771 2133 959 2226 recusantis,
986 2141 1044 2206 ubi
1069 2141 1163 2208 dicit:

203 2248 258 2310 καὶ
294 2243 374 2329 piiap
410 2241 445 2309 δὲ
483 2243 594 2328 ἔρανον
636 2240 809 2310 κελεύσαντι
848 2246 1021 2325 εἶςεαεγκεῒα
1055 2246 1166 2327 εἰπὼν,

190 2348 249 2421 ,ὅτι
287 2346 342 2411 οὐκ
372 2348 414 2411 ἄν
446 2343 534 2427 δοίη,
568 2345 692 2430 ὕστερον
723 2347 808 2426 ἣκειν
838 2345 937 2432 φέρων
964 2349 1017 2412 rtet
1049 2346 1165 2430 λέγειν,

201 2451 250 2515 ὃτι
281 2447 429 2514 ἀπόλλυσι
461 2448 513 2511 καὶ
548 2450 637 2512 τοῦτο
668 2448 704 2512 ri
741 2448 883 2534 ἀργύριον
916 2445 973 2537 (2).
1032 2449 1165 2519 Videtur

200 2551 285 2621 illud
310 2551 350 2616 ab
377 2548 508 2614 homine
533 2546 673 2635 quodam
698 2569 822 2614 moroso
845 2551 971 2639 sibique
994 2573 1058 2616 non
1078 2571 1165 2616 con-

202 2664 308 2726 stante,
334 2652 456 2718 dictum
485 2649 575 2716 valde
597 2651 827 2717 contumaciter
834 2674 844 2736 3
872 2654 929 2740 qui
953 2674 1054 2743 quum
1078 2655 1166 2746 prius

202 2779 235 2824 se
269 2756 440 2846 pecuniam
477 2753 625 2822 daturum
658 2765 814 2842 negasset,
851 2756 1055 2844 amicumque
1092 2755 1165 2824 ideo

200 2863 305 2950 palam
327 2869 518 2942 recusasset,
544 2867 651 2945 postea
672 2869 777 2924 tamen
799 2870 908 2946 sponte
933 2861 1083 2946 contulit,
1110 2861 1167 2925 in-

204 2978 373 3049 terserens,
396 2985 429 3028 sc
450 2962 533 3028 hano
554 2984 681 3050 quoque
708 2962 880 3050 perdidisse
901 2967 1079 3052 pecuniam.
1127 2965 1166 3031 ld

206 3078 312 3133 tamen
335 3066 391 3155 qni
412 3065 482 3130 fieri
504 3065 659 3153 potuerit,
688 3087 753 3132 non
775 3068 933 3155 intelligo:
954 3069 1054 3155 probe
1079 3071 1166 3136 enim

204 3172 294 3238 scirit
317 3191 459 3236 morosus
479 3168 535 3232 ille
558 3167 655 3234 homo
675 3171 804 3257 ἔρανον,
826 3171 946 3237 ferente
967 3169 1107 3256 fortuni,
1129 3181 1166 3235 ut

200 3271 352 3359 vidimus,
375 3294 440 3337 esse
460 3269 667 3340 reddendum.
712 3273 818 3356 Quare
841 3295 906 3340 non
921 3275 1080 3340 immerito
1100 3274 1166 3340 oh-

231 3641 272 3712 (1)
293 3639 356 3710 Quo
373 3656 435 3692 osso
451 3638 591 3692 illiberalis
605 3638 653 3692 ille
668 3636 750 3692 homo
768 3638 862 3692 similis
878 3639 985 3695 videtur
1004 3639 1170 3695 debitoribus

194 3723 338 3791 Romanis,
367 3725 433 3794 qui,
461 3731 491 3776 ut
515 3741 654 3778 occursum
675 3725 840 3777 creditorum
861 3724 1010 3790 evitarent,
1029 3724 1100 3778 eirca
1119 3743 1170 3778 co-

196 3810 300 3862 lnmnrs
324 3816 352 3861 st
376 3815 473 3861 statuas
492 3825 546 3860 asse
567 3807 737 3862 occultabant
752 3807 781 3859 in
799 3807 867 3859 soro.
902 3805 969 3860 vid.
988 3807 1023 3858 fr.
1046 3807 1071 3859 7.
1097 3809 1124 3877 ᾗ.
1142 3811 1169 3862 3.

196 3892 235 3946 D.
255 3894 353 3963 quibus
378 3910 412 3945 ex
437 3893 521 3946 causis
548 3893 577 3944 in
599 3909 712 3960 possess.
733 3900 822 3958 eatan
844 3900 871 3946 et
888 3893 923 3946 fr.
941 3895 984 3946 36.
1004 3893 1043 3946 1).
1060 3894 1094 3948 dc
1110 3896 1169 3949 reb.

195 3979 319 4030 auctorit.
349 3977 413 4030 tad.
437 3979 538 4046 possid.
581 3977 660 4032 Coni.
686 3978 771 4033 Doct.
801 3979 857 4032 Pan
882 3977 954 4031 Dios.
977 3979 997 4032 l.
1020 3997 1049 4048 p.
1069 3981 1117 4032 111
1140 3982 1169 4035 in

195 4065 253 4112 not.
289 4059 330 4129 (2)
350 4059 416 4114 Vid.
443 4060 525 4115 Char.
551 4060 584 4116 C.
609 4060 674 4116 XV.
701 4061 777 4133 Περ1
793 4060 963 4122 αὐθαδείας.
998 4061 1072 4119 Haec
1086 4067 1168 4119 verba

194 4141 365 4212 intelligenda
390 4147 453 4196 sont
479 4143 513 4196 de
540 4162 590 4214 eo,
615 4145 665 4218 qui
681 4145 779 4201 amieos
799 4145 829 4204 in
850 4144 927 4202 mici
944 4145 1053 4216 gretiam
1070 4147 1168 4221 ἔρανον

197 4231 281 4296 rogat.
316 4224 360 4280 Cf.
378 4225 446 4279 infra
466 4225 493 4295 §-
511 4227 552 4280 tt.
