2886 4826
657 501 833 564 ..49-

190 749 193 756 ⁴
305 679 367 745 Sed
388 679 425 746 de
443 678 591 766 judiciis,
615 702 679 767 quo
701 682 894 767 pertineant,
917 681 998 747 inira
1018 683 1078 748 erit
1096 681 1224 750 dicendi

260 785 358 850 locus.
403 787 490 868 Quae
512 787 589 852 licet
612 807 678 850 non
699 785 740 850 ad
765 785 872 850 omnia
894 786 1100 852 ermisturum
1120 789 1224 854 colle-

259 886 326 971 gia,
348 909 454 954 verum
471 889 571 976 magis
591 887 631 953 ad
654 909 705 973 ea,
728 909 810 975 quae
832 901 978 976 quaestus
999 890 1098 977 gratia
1122 905 1225 959 essent

258 990 411 1076 instituta,
426 993 636 1078 pertinerent,
650 1013 714 1058 non
726 1003 829 1058 tamma
841 989 915 1056 inde
927 992 1085 1078 sequitur,
1099 995 1222 1062 nullam

256 1092 309 1176 iis,
343 1096 398 1180 qui
425 1095 587 1183 religionis
614 1115 708 1160 causa
741 1099 882 1176 coirent,
912 1095 1096 1180 pensionem
1126 1099 1221 1166 fuisse

255 1196 447 1282 impositam:
478 1197 659 1284 accepimus
690 1197 775 1262 enim
806 1196 874 1282 jam
912 1218 1005 1282 supra
1038 1197 1221 1284 hujusmodi

256 1300 356 1366 socios
385 1323 404 1366 a
426 1299 588 1366 sodalitate
610 1299 747 1386 potuisse
768 1297 884 1364 arceri:
906 1319 1016 1364 rernm
1035 1301 1121 1365 enim
1139 1300 1220 1368 haec

256 1399 411 1468 sodalium
437 1399 477 1465 de
502 1401 607 1468 sodale
632 1401 816 1466 deliberatio
843 1422 908 1466 uon
929 1413 975 1468 est
994 1402 1159 1470 referenda
1180 1403 1220 1472 ed

251 1504 373 1590 judicia
395 1506 575 1591 eranistica,
598 1527 637 1572 ac
658 1507 684 1574 ri
706 1508 741 1572 in
760 1507 895 1594 collegio
916 1507 1120 1572 eranistarum
1141 1531 1222 1595 por-

251 1621 298 1674 sct
333 1607 516 1694 disceptari,
550 1609 576 1674 si
610 1607 689 1695 quid
716 1609 820 1674 socius
844 1619 954 1678 oontm
977 1610 1062 1697 leges
1088 1609 1219 1677 iecisset

253 1713 287 1778 si
321 1713 417 1800 igitur
450 1711 526 1778 hine
559 1709 713 1778 Heraldns
749 1711 809 1776 sibi
846 1732 985 1776 errorem
1015 1713 1219 1798 contraxerit,

254 1816 299 1880 nil
320 1813 469 1903 impedit,
499 1836 564 1901 quo
590 1817 694 1882 miuus
718 1815 753 1880 in
778 1815 873 1881 aliam
892 1799 1078 1892 sententiam
1102 1837 1219 1884 eamus.

405 1979 408 1988 .
699 1920 727 2005 §.
751 1923 780 1984 9.
870 1965 871 1968 ¹

295 2017 476 2108 Antequam
500 2017 539 2084 de
565 2019 693 2106 collegii
721 2019 901 2104 Praefecto,
930 2018 986 2106 qui
1012 2018 1105 2082 simul
1128 2040 1219 2085 arcae

251 2135 406 2210 praeerat,
429 2121 588 2205 dicamus,
610 2123 697 2208 prius
718 2134 764 2188 est
779 2133 815 2186 ut
829 2121 868 2186 de
884 2122 952 2206 ejus
966 2120 1059 2186 sociis
1077 2141 1220 2206 expona-

252 2217 336 2294 mus:
358 2227 408 2292 illi
422 2227 506 2292 enim
521 2227 714 2292 vocabantur
728 2229 891 2314 ἐραυιυιαί.
925 2226 978 2290 Sic
992 2223 1220 2309 Harpocration

252 2331 361 2396 habet:
376 2333 537 2416 ipurrorr'ps'
550 2330 655 2412 μέντοι
668 2332 776 2416 κυρίως
789 2332 899 2396 ἐστὶυό
905 2334 957 2394 τοῦ
971 2331 1079 2412 ἐράνου
1087 2325 1221 2410 μετέχων

252 2437 306 2499 aral
328 2439 386 2516 τὴν
408 2437 524 2518 φορὰν,
555 2434 595 2512 ἣν
627 2438 752 2500 ἑκάστου
780 2436 875 2516 μηνὸς
908 2432 970 2498 ἔδει
997 2425 1219 2514 καταβάλλω,

251 2537 401 2622 alapiona.
424 2561 453 2600 ιι.
482 2559 510 2600 ι.
536 2533 564 2598 λ.
611 2533 780 2603 Videamus
816 2534 929 2620 igitur,
963 2530 1041 2620 quid
1068 2531 1114 2596 sit·
1133 2531 1222 2624 μετέ.

252 2667 316 2728 χειν
349 2637 483 2726 letrau?
526 2637 591 2702 Res
623 2636 748 2703 facilior
778 2649 840 2713 est,
871 2657 967 2725 quam
991 2645 1025 2700 ut
1049 2633 1078 2698 ei
1103 2630 1222 2698 diutins

250 2742 478 2809 inhaereamus.
525 2737 589 2804 Sed
616 2739 771 2806 Heraldus
791 2739 872 2808 haec
898 2737 994 2803 verba
1014 2737 1059 2800 ita
1084 2734 1221 2821 accipit,

208 2840 211 2846 ’
251 2856 286 2912 ut
314 2844 477 2912 notionem
508 2842 593 2908 roais
620 2845 774 2928 ἐραυιοιοῦ
806 2841 940 2908 mirifice
965 2850 1134 2926 pervertat,
1166 2841 1221 2906 ai-

250 2947 378 3014 firmans
403 2947 539 3034 μετέχειν
562 2951 669 3032 ἐράυου
701 2945 766 3011 dici
799 2967 890 3028 eum,
928 2943 985 3030 qui
1021 2944 1109 3008 orani
1139 2945 1221 3030 qui-

250 3049 323 3115 dem
351 3050 508 3136 particeps
532 3050 586 3134 sit,
620 3048 675 3114 sed
702 3048 896 3130 annaliter,
928 3066 965 3112 ac
994 3045 1019 3108 si
1050 3046 1130 3110 nihil
1158 3049 1220 3114 nisi

249 3151 454 3219 commodum
490 3173 526 3216 ex
558 3173 653 3218 erano
697 3153 731 3216 in
766 3173 840 3216 eum
878 3147 1078 3214 redundaret.
1133 3149 1218 3216 Hinc

248 3255 330 3321 illud
364 3256 497 3342 μετίχιου
527 3253 567 3318 ad
601 3253 689 3319 aliud
716 3255 803 3322 eraui
831 3273 946 3339 genus,
975 3249 1061 3316 unde
1093 3251 1219 3316 miserid

248 3355 356 3454 afflicti
392 3357 591 3442 juvarentur,
631 3355 727 3422 reiert
766 3353 829 3444 (1):
874 3375 938 3440 quo
981 3363 1102 3436 tamen,
1144 3373 1218 3419 mea

248 3459 419 3545 sententia,
451 3460 540 3523 nullo
575 3469 668 3544 pacto
699 3459 857 3544 pertinere
881 3466 993 3542 potest.
1049 3455 1146 3541 Cujus
1169 3457 1217 3521 rei

246 3561 328 3628 inira
349 3584 406 3627 suo
426 3563 498 3626 loco
524 3561 679 3627 rationem
702 3560 835 3627 reddere
857 3559 1006 3626 conabor.

278 3770 320 3841 (l)
341 3770 451 3824 Herald.
468 3767 589 3825 observ,
605 3778 632 3823 et
649 3769 762 3824 Emend.
782 3769 815 3824 C.
834 3771 869 3822 te
885 3776 913 3822 et
927 3770 976 3834 44,
995 3765 1221 3825 1d.0brsrr.ad

241 3851 290 3905 Jua
310 3854 369 3906 Διὶ.
394 3858 422 3904 et
446 3851 524 3906 Rom.
544 3850 598 3907 Vt.
618 3855 655 3917 t,
683 3853 731 3904 ubi
751 3853 932 3916 variamen,
952 3851 1050 3920 quibua
1065 3868 1138 3904 suam
1155 3867 1220 3905 sen-

241 3936 351 3988 tentiam
374 3937 490 4006 probet,
516 3943 686 4006 argumenta,
714 3955 782 4006 quae
805 3952 836 3987 eo
860 3935 969 3999 valent,
994 3941 1025 3986 ut
1044 3935 1153 4001 eredat,
1172 3936 1221 3986 τὸυ

241 4018 292 4066 τοῦ
309 4019 405 4088 ἐράνου
423 4021 581 4088 μετέχοντα
604 4022 642 4073 ita
666 4019 799 4073 commodi
816 4017 973 4088 participem
997 4037 1070 4086 esse,
1098 4026 1128 4072 ut
1151 4036 1221 4074 con·-

240 4096 330 4152 tnliase
350 4101 487 4169 rideatur,
513 4103 559 4156 sed
577 4104 652 4156 nulla
669 4103 749 4156 inisse
763 4099 917 4171 hujusmodi
932 4102 1042 4173 collegia
1059 4107 1114 4174 jam
1132 4105 1219 4158 obiter

240 4183 341 4234 monui.
360 4211 395 4226 -
413 4183 479 4240 viu.
499 4203 578 4255 supra
597 4188 623 4253 t.
642 4189 668 4240 5.
687 4188 716 4239 in
733 4186 811 4240 notia.

1082 4275 1102 4334 7
