2904 4826
705 432 909 502 -eoae

297 610 392 698 enjus
416 612 504 678 nulla
529 612 631 678 estin
655 611 723 678 loro
748 612 916 701 obligatio,
938 613 1050 680 reterri
1068 629 1202 702 possunt
1219 613 1277 708 (1).

298 715 385 780 Idaeo
415 716 513 804 igitur
538 727 605 783 erat
632 727 789 802 postrema
819 715 948 782 Heraldi
974 739 1032 803 prp
1064 717 1121 784 sud
1150 718 1190 784 de
1215 722 1283 806 ju-

295 815 389 882 diciis
425 819 598 884 eranisticis
634 817 789 884 sententid
824 820 1063 908 argumentatio.
1122 821 1276 892 Attamen

297 921 371 986 inde
387 923 477 986 nullo
495 933 589 1008 paeto
611 921 769 1009 procedit,
787 921 911 1007 judicia
927 921 966 988 de
985 923 1089 988 eranis
1103 923 1271 992 reddendis

296 1047 439 1114 unquam
468 1025 590 1092 institui
619 1026 726 1110 solita,
753 1046 864 1090 verum
888 1036 926 1092 ut
949 1027 1058 1110 ἀτιμίᾳ
1080 1027 1269 1113 plectemur

296 1139 348 1196 tur
370 1129 486 1218 ingrati
509 1128 523 1220 (
543 1126 566 1218 ).

731 1231 760 1316 ς.
786 1233 836 1296 12.

341 1331 436 1414 Quod
464 1353 537 1398 vero
565 1329 644 1396 dicit
671 1331 842 1417 Heraldus,
872 1355 968 1400 erana
989 1332 1037 1425 (3)
1069 1335 1104 1400 in
1132 1317 1273 1422 publiea

297 1447 329 1500 et
348 1439 486 1524 privato
513 1435 626 1522 dividi,
648 1435 683 1501 id
708 1439 878 1506 averitate
904 1437 999 1526 longe
1025 1451 1185 1506 remotum
1210 1453 1270 1508 est:

296 1562 332 1606 re
363 1550 470 1604 nutem
499 1539 582 1604 bene
612 1539 784 1626 perpensi,
813 1543 920 1608 omnia
948 1564 1044 1608 erana
1077 1544 1188 1609 amicis
1210 1545 1270 1630 jn-

296 1643 404 1712 vandis
429 1643 582 1710 destinata
597 1643 659 1710 sive
676 1646 810 1732 collata,
833 1659 923 1714 erant
937 1648 1149 1734 privatorum,
1170 1647 1271 1714 adeo-

266 1775 269 1784 ‘
296 1757 359 1839 sine
375 1752 522 1839 priuato.
566 1750 661 1816 Nulla
686 1751 771 1814 enim
797 1763 886 1816 erant
902 1752 1042 1840 publiea
1065 1773 1182 1837 erana,
1209 1751 1271 1822 nisi

296 1857 433 1945 collegia
456 1856 638 1941 eraniatioa,
667 1867 777 1942 utpote
804 1855 936 1944 publici
968 1855 1157 1921 auctoritate
1189 1877 1271 1942 per-

294 1960 406 2045 missa,
436 1982 501 2025 non
525 1961 582 2026 illa
607 1959 737 2048 quidem
763 1960 803 2025 ab
838 1958 975 2026 Heraldo
1005 1960 1186 2044 inculcata,
1215 1959 1269 2026 sed

295 2083 377 2148 quae
395 2083 431 2127 er
443 2074 550 2128 mente
565 2062 740 2128 Aristotelis
756 2083 852 2149 supra
865 2060 1065 2147 exposuimus
1077 2059 1133 2150 (4).
1161 2063 1271 2150 Neque

295 2167 426 2232 alteram
465 2165 596 2230 lleraldi
629 2164 814 2233 divisionem
849 2165 884 2229 in
916 2185 1011 2229 erana
1042 2164 1217 2230 ordinario
1241 2175 1271 2230 et

293 2269 564 2334 extraordinarie
598 2290 663 2344 esse
696 2266 926 2334 admittendam
956 2267 1149 2354 putaverim:
1183 2279 1271 2334 erant

294 2372 381 2437 enim
406 2372 513 2438 omnia
537 2393 633 2438 erana
658 2371 850 2450 ordinarior
881 2371 973 2456 cujus
1000 2373 1047 2435 rei
1074 2393 1169 2440 causa
1196 2395 1270 2439 ero—

292 2485 456 2560 garentur,
479 2474 611 2560 perinde
627 2485 702 2540 erat.
731 2475 904 2540 Consilium
919 2475 1072 2540 nimirum
1087 2477 1263 2542 amicorum

288 2573 501 2660 jurandornnr
534 2589 601 2642 erat
636 2577 862 2661 ordinarium,
891 2575 931 2642 ad
949 2581 1115 2666 priootos,
1146 2582 1265 2670 nullius

283 2679 436 2770 (collegii,
464 2679 519 2744 sed
538 2679 696 2745 amicitiae
718 2691 858 2764 tanturn,
883 2680 1011 2746 vinculo
1023 2683 1167 2770 junctos,
1190 2705 1267 2770 per·-

291 2783 411 2865 tinens,
435 2804 499 2869 quo
515 2784 640 2849 laeilins
649 2785 781 2868 juvandi
798 2785 925 2851 daretur
943 2789 1168 2875 opportunitas
1204 2785 1266 2852 Sed

292 2882 332 2949 de
363 2883 477 2970 modo,
505 2909 569 2974 qno
599 2889 694 2953 amici
721 2889 803 2954 illud
830 2890 999 2956 eonsilium
1027 2885 1289 2980 persequerenv=

290 2998 359 3074 tur,
383 2986 498 3053 deinde
524 2991 584 3054 erit
608 2989 736 3056 dicendi
759 2994 857 3058 locus.

337 3093 446 3175 Quum
465 3093 562 3180 igitur
588 3093 829 3160 Atheniensium
856 3117 978 3162 morem
998 3096 1066 3182 jam
1090 3095 1206 3183 magni
1228 3117 1264 3160 ex

291 3209 380 3286 parte
406 3197 681 3282 illustraverimus,
704 3209 740 3262 nt
765 3209 913 3284 appareat
937 3201 1046 3284 ἔρανον
1068 3220 1121 3263 eos
1143 3197 1264 3276 dedisse

292 3300 334 3366 ol>
366 3323 434 3366 rem
457 3300 617 3388 quondum
645 3302 822 3388 vulgarem,
845 3303 947 3389 qualis
973 3313 1092 3390 egestas
1113 3301 1265 3384 habetur,

290 3403 380 3469 aliud
412 3404 523 3470 itidem
556 3416 587 3469 et
615 3426 689 3470 vero
722 3427 863 3471 summae
893 3405 1135 3472 beneficientiae
1164 3427 1263 3494 genus

292 3509 369 3574 citat
391 3509 631 3593 Demosthenem
661 3531 743 3596 quae
768 3521 875 3575 tamen
900 3531 954 3595 an,
987 3512 1073 3576 velut
1097 3532 1153 3597 par
1178 3509 1265 3596 pari,
1305 3597 1309 3604 Ι

286 3613 403 3679 ¹referri
432 3614 543 3701 possit,
572 3611 726 3679 affirmare
754 3635 819 3680 non
851 3615 961 3680 ausim.
1006 3610 1092 3678 Illud
1112 3613 1265 3676 nimirum

307 3890 310 3896 Ι
324 3827 365 3898 (1)
386 3827 466 3880 Conf.
484 3827 608 3880 Fabrotti
622 3827 753 3898 Replicat.
767 3827 828 3880 loco
841 3825 913 3878 laud.
926 3843 954 3894 p.
967 3824 1044 3876 1253.
1055 3840 1110 3892 sq.;
1128 3822 1172 3874 oui
1181 3829 1269 3874 tamen

286 3929 342 3966 non
359 3929 407 3980 per
424 3913 510 3965 omnia
528 3915 665 3966 assentior.
703 3915 744 3984 (2)
757 3913 836 3966 Coos.
851 3929 929 3979 snpra
945 3911 1007 3976 §.a
1018 3907 1047 3960 h.
1059 3926 1082 3962 c.
1119 3908 1161 3978 (3)
1174 3910 1271 3958 Erana

290 3998 390 4067 (neutr.
405 3997 459 4066 pl.)
485 4017 593 4068 quoque
612 4001 733 4070 usurpari
753 4000 851 4052 docent
870 3995 966 4049 Suidas
984 4002 1011 4046 et
1030 3990 1178 4062 Hesychius
1196 3993 1224 4044 in
1240 4010 1268 4047 v·

284 4083 397 4154 'Eposo
407 4083 519 4150 singuli,
538 4084 600 4136 add.
612 4082 796 4153 Hesychiusin
805 4080 975 4150 v.''Egoroe‚
993 4077 1084 4146 ibique
1096 4075 1267 4144 Interprems.

290 4169 331 4240 (t)
350 4165 415 4236 Vid.
433 4164 524 4221 Ethic.
542 4167 649 4224 Nicone.
667 4169 753 4228 VIII.
769 4171 816 4235 ll,-
834 4166 905 4222 conf.
916 4165 950 4219 fr.
960 4167 985 4218 t.
997 4165 1034 4218 D.
1044 4163 1077 4218 de
1087 4162 1150 4218 coll.
1160 4168 1187 4216 et
1193 4177 1268 4230 corp.
