2904 4826
737 723 789 792 vt

320 911 502 980 Praefectus
533 909 661 996 collegii
689 905 911 998 eranistsrunr,
939 907 1103 991 ἐρανάρχης
1127 900 1264 986 dictus,-

278 1018 312 1084 it
332 1015 418 1106 quod
436 1035 527 1082 ursae
549 1009 705 1080 societatis
724 1006 857 1090 deesset,
881 1004 921 1070 de
937 1028 993 1071 suo
1013 1005 1160 1092 supplere
1183 1025 1253 1070 nou

279 1120 453 1186 tenebatur.

728 1263 795 1331 VII

323 1426 449 1493 iudicis
480 1425 645 1491 eranisticn
679 1422 831 1512 (tussiat
869 1417 966 1506 liena)
999 1439 1078 1503 uon,
1114 1418 1175 1482 nisi
1210 1416 1251 1481 ad

281 1553 413 1618 corpore
448 1529 597 1616 publicae
637 1528 781 1592 utilitatis
818 1536 849 1589 et
888 1524 1066 1590 eommunis
1102 1533 1251 1610 quaestus

281 1632 381 1719 gratio
401 1630 560 1713 instituto,
584 1628 792 1718 pertinebunt

725 1786 806 1857 VIII.

325 1927 459 2015 Egregie
494 1925 647 1990 falluntur
679 1923 718 2006 ii,
751 1921 808 2008 qui
844 1922 980 2008 collegio
1015 1924 1180 1989 eranistioe
1214 1947 1250 1989 oo

284 2033 434 2118 consilio,
459 2041 495 2096 ut
520 2029 615 2096 amici
640 2026 733 2114 egoni
755 2045 791 2088 ex
816 2025 889 2088 arel
911 2027 1074 2090 communi
1101 2025 1252 2091 subleva-

282 2147 407 2220 rentur,
431 2157 449 2198 ει
471 2131 600 2198 Graecis
623 2128 764 2194 institute
787 2124 987 2192 contendent
1063 2133 1066 2138 '

749 2290 801 2354 Ill.

332 2443 453 2508 liranus
474 2442 508 2506 in
532 2441 671 2506 amioum
697 2415 850 2526 egenum*²
873 2439 959 2502 velut
983 2439 1126 2526 precario
1152 2440 1258 2504 collo·
1298 2465 1302 2476 ·

287 2557 355 2628 tus,
376 2565 441 2610 non
467 2555 514 2608 est
534 2541 732 2627 reddendus,
755 2541 814 2605 nisi
840 2541 895 2606 ille
918 2541 1041 2607 amicus
1061 2544 1162 2629 lapsos
1184 2565 1258 2631 opes

288 2646 467 2711 restituerit.

757 2805 793 2868 X.

334 2937 509 3024 Erunorum
541 2958 575 3022 in
607 2957 780 3022 ordinario
812 2965 843 3018 et
876 2957 1144 3024 extraordinario
1174 2959 1261 3025 divi-

292 3064 412 3128 sionem
435 3083 500 3126 non
524 3083 590 3126 esse
614 3059 840 3143 admittendam
864 3081 986 3127 censeo.

751 3223 804 3288 XI.

335 3349 439 3438 Recte
461 3372 632 3437 Suetonius
656 3373 690 3436 in
717 3372 790 3440 viu
813 3372 965 3456 Caesaris,
991 3374 1027 3439 C.
1052 3375 1127 3459 XX,
1158 3375 1263 3465 docet,

294 3478 458 3542 Caesarem
492 3475 528 3538 in
563 3475 666 3560 primo
701 3476 867 3540 consulatu
903 3476 1043 3563 prirnum
1077 3476 1263 3564 instituisse,

289 3591 325 3648 ut
357 3589 431 3644 sucta
467 3576 599 3650 Senatus
633 3589 663 3641 st
691 3578 806 3663 Populi
834 3577 948 3644 diurna
973 3580 1206 3666 conficerentur
1233 3596 1263 3648 et

293 3679 544 3764 publicarentur.

747 3831 813 3896 XII.

338 3987 454 4072 Utique
480 3987 615 4054 facimus
645 4011 718 4056 oum
744 3992 1008 4080 Wyttenbaohio,
1039 3995 1115 4065 Viro
1143 3995 1263 4062 Claris-

296 4093 389 4192 sirno,
421 4091 455 4156 in
483 4091 694 4162 Lectionibus
724 4095 876 4185 Quinque
900 4111 972 4181 oet,
1006 4121 1035 4184 p.
1059 4105 1094 4184 5,
1126 4099 1267 4184 dicenter

292 4195 395 4260 »Sunt
417 4195 501 4259 eninr
523 4216 572 4259 ros
590 4193 676 4260 houd
700 4218 820 4281 paucae
842 4200 883 4264 ito
902 4200 935 4264 in
956 4212 1082 4286 promtu
1099 4203 1271 4288 expositae,
