2904 4826
592 507 776 572 -109-

638 689 668 772 s·
693 692 743 754 ιι.
941 771 945 780 .

191 787 194 796 ’
236 789 366 882 ,Adsunt
384 789 482 874 igitur
507 791 650 876 exempla
678 813 774 880 quam
797 796 935 882 plurima
961 799 1066 884 arani,
1097 821 1174 867 oum

200 891 241 960 ad
265 893 405 958 amioum
431 915 503 958 aere
526 893 630 958 alieno
656 895 806 962 obrutum
824 897 1021 982 jurandum,
1042 915 1111 969 tuor
1132 905 1174 972 ad

200 997 277 1062 alias
308 1018 358 1062 res
389 997 457 1082 pias
490 1009 585 1083 atque
617 997 762 1064 honestas
795 999 875 1083 dati3
901 986 1070 1090 ¹supersunt
1098 1029 1181 1073 vero»

201 1102 297 1167 etiam
327 1103 390 1168 alia
424 1115 592 1168 auctorum
626 1104 714 1186 loca,
749 1103 834 1170 unde
867 1106 973 1172 videre
996 1121 1042 1174 est
1063 1133 1175 1179 eranos

201 1205 242 1271 ad
266 1207 390 1294 quasvis
415 1229 464 1270 res
489 1207 591 1272 licitas
622 1218 654 1271 et
677 1208 867 1272 necessarias
891 1211 1041 1277 collectos
1069 1213 1174 1280 fuisse.

201 1310 256 1374 sto
290 1311 377 1375 enirn
405 1310 490 1397 apud
519 1309 765 1375 Demosthenem
788 1311 823 1374 in
848 1311 987 1398 Epistola
1011 1313 1051 1380 ad
1078 1317 1107 1381 S.
1138 1319 1175 1384 P.

201 1414 239 1496 Q.
261 1414 316 1500 A„
346 1415 403 1480 ubi
426 1415 467 1480 de
494 1415 667 1502 suiipsius
695 1413 837 1499 fortuni,
867 1413 971 1502 deque
991 1417 1175 1488 Athenien·-

203 1518 285 1582 sinm
314 1541 388 1607 erga
418 1543 451 1586 se
483 1519 688 1586 inelementid
716 1520 906 1606 expostulat,
937 1522 1087 1610 legimus:
1121 1530 1177 1596 ἵνα

203 1617 264 1696 eido
296 1645 330 1688 τε
361 1617 402 1706 ὦ,
434 1630 474 1690 τά
506 1651 539 1690 τε
578 1624 759 1708 ὀφειλόμενα
791 1627 966 1710 ειίπράξας,
1012 1635 1064 1696 καὶ
1105 1639 1179 1711 rode

201 1724 308 1808 φίλους
329 1730 483 1814 iperium,
507 1734 546 1796 td
567 1735 640 1816 πρὸς
660 1733 739 1812 ὑμᾶς
759 1729 908 1811 διοικῆσαι
931 1727 944 1818 (
964 1728 988 1818 ).

245 1830 431 1917 Saepissime
461 1853 591 1920 quoque
619 1833 803 1913 accidebat,
834 1843 870 1897 ut
897 1845 1065 1921 antequam
1095 1840 1173 1925 quid

200 1933 343 2002 utilitatis
380 1960 476 2004 eausa
508 1948 588 2001 esset
622 1934 875 2022 suscipiendum,
909 1937 996 2022 quod
1016 1961 1082 2002 non
1106 1941 1176 2006 sine

200 2041 315 2128 magud
338 2043 493 2127 pecuniae
517 2040 640 2106 summi
662 2040 731 2104 fieri
746 2051 864 2126 posset,
887 2042 1063 2106 amicorum
1078 2045 1177 2108 ausi-

201 2145 283 2210 lium
306 2146 543 2232 imploraretur,
572 2146 628 2232 qui
653 2145 730 2210 huie
755 2146 916 2232 proposito
938 2158 1092 2232 quantum
1114 2167 1175 2212 ra·-

201 2245 241 2310 tis
259 2258 338 2310 esset
362 2245 401 2312 de
423 2269 480 2312 suo
501 2249 703 2335 largirentur:
727 2249 771 2314 ita
790 2250 876 2313 enim
903 2248 1074 2315 obtinuisse
1097 2255 1176 2318 col-

202 2349 269 2440 ligi
284 2359 385 2436 potest
414 2371 452 2414 es
475 2350 624 2438 Diogenis
643 2351 758 2416 haertii
783 2351 903 2416 verbis:
932 2354 985 2416 uel
1011 2357 1085 2438 πρὸς
1109 2359 1177 2424 τῶν

201 2454 300 2539 φίλων
321 2455 523 2542 ἐρανισθέντα
542 2460 584 2530 εἷς
607 2457 773 2536 Αἴγυπτον
796 2457 913 2542 ἀπᾶραι
935 2451 993 2544 (2).
1037 2452 1175 2526 Videtur

203 2559 291 2622 enim-
309 2558 521 2644 longinquum
544 2557 726 2642 hujusmodi
750 2561 810 2624 iter
832 2559 1010 2646 saepissime
1030 2561 1063 2626 in
1079 2564 1175 2627 mul·-

201 2671 309 2726 torum
345 2661 511 2727 hominum
551 2664 629 2734 verti
666 2665 803 2750 potuisse
835 2665 1012 2731 utilitatem.
1067 2669 1179 2750 Quare

200 2763 346 2832 homines
377 2765 504 2831 ditiores
534 2768 583 2832 nil
612 2768 773 2855 antiquius
798 2767 945 2832 habuisse
970 2769 1178 2837 existimare--

200 2869 279 2954 rim,
311 2889 407 2956 quarn
443 2879 479 2934 ut
511 2868 608 2954 hujus
644 2871 691 2934 rei
727 2891 822 2936 eausa
851 2870 1022 2956 pecuniam
1052 2875 1180 2958 amieo,

200 2972 256 3037 eui
280 2971 445 3036 facultates
474 2972 581 3036 itineri
612 2991 677 3038 non
705 2986 808 3038 essent
837 2973 986 3060 idoneae,
1014 2976 1173 3062 suppedi«

201 3087 323 3159 tarent,
346 3097 427 3162 quae
454 3097 603 3162 prospere
632 3075 791 3150 redeunte¹
812 3097 891 3140 nave
913 3076 952 3140 iis
977 3076 1173 3142 redderetur.

200 3172 295 3260 Quod
318 3175 402 3263 apud
431 3177 568 3242 Graecos
597 3179 779 3262 praesertim
805 3179 839 3241 in
865 3179 998 3244 caritate
1026 3199 1171 3244 annonae

200 3281 321 3348 laetum
343 3279 534 3365 accepimus.
579 3281 663 3344 Hine
680 3280 849 3366 jactatores
868 3303 1059 3368 magnopere
1081 3281 1172 3346 sole-

199 3383 277 3450 bant
301 3381 428 3471 gloriari
452 3403 485 3445 se
511 3381 611 3468 gratid
641 3383 724 3468 apud
753 3386 872 3450 amieos
896 3386 1042 3472 civesque
1066 3387 1178 3472 pluri-

201 3508 291 3554 mum
324 3487 442 3570 ualere,
477 3495 508 3549 et
538 3507 612 3550 vero
647 3487 764 3574 optime
801 3488 841 3554 de
874 3489 912 3554 iis
937 3511 1004 3553 esse
1028 3489 1180 3571 meritust
1214 3523 1216 3530 ·

199 3593 248 3656 uti
283 3589 339 3656 ille
374 3589 491 3654 Alazon
518 3589 602 3675 apud
628 3589 893 3676 Theophrastum,
924 3591 996 3678 qui,
1027 3602 1062 3656 ut
1091 3592 1173 3656 ratio

200 3691 279 3758 dicti
303 3693 363 3758 sihi
385 3702 557 3777 constaret,
583 3694 722 3758 calculos
737 3691 865 3780 insuper
891 3693 967 3780 poni
990 3715 1178 3759 summam-

233 3905 273 3975 (1)
293 3903 382 3974 Epist.
399 3903 485 3970 1111·,
500 3921 527 3972 p.
545 3905 622 3956 1484.
642 3901 721 3956 Toni.
740 3901 780 3954 11.
796 3901 841 3969 R„
861 3902 908 3954 obi
924 3903 1063 3970 διοικῆσαι
1080 3919 1113 3956 ox
1129 3923 1183 3958 m

195 3991 319 4043 censione
335 3987 437 4043 Wollii
453 3991 511 4059 lego
529 4005 579 4059 pro
599 3991 743 4056 διοικήσσ,
764 3985 940 4041 ιιῑίιποσίῐιισ
950 3987 979 4039 in
989 3985 1177 4042 adituristii.

197 4072 240 4140 (2)
263 4071 295 4122 lu
320 4069 453 4136 Eudoxo,
481 4073 545 4143 Lib.
570 4072 657 4127 Vlll.
686 4071 773 4141 Segun-
797 4071 847 4138 875
864 4071 986 4126 Budaeus
1006 4088 1058 4140 pro
1080 4075 1175 4144 lpus·-

194 4154 303 4206 autera
326 4155 391 4224 legit
410 4157 586 4225 ἐραιίσασται
624 4155 680 4212 Sed
701 4153 796 4209 dubito
815 4173 848 4210 an
868 4163 948 4210 recte.
985 4153 1028 4208 Εἰ.
1046 4153 1176 4225 stephan.

196 4235 278 4291 Thes.
297 4237 331 4291 1..
351 4237 402 4292 Gr.
420 4240 449 4292 in
467 4259 494 4296 v.
892 4239 896 4251 '
1068 4265 1070 4270 ’
