2886 4826
502 777 727 880 CAPUT
761 779 824 879 11.

178 999 234 1055 DE
251 1000 396 1068 ERANO,
417 999 507 1056 SIVE
524 1001 745 1070 COLLEGIO,
765 1001 899 1078 anutt
917 1002 1009 1066 utus
1028 1004 1143 1074 ARCA,

202 1099 437 1166 PRAEFECTO,
457 1099 600 1168 SOCHS,
622 1099 857 1158 senonibus
875 1099 1120 1181 autumans.

563 1293 761 1319 ‘w-

620 1423 747 1522 as'
842 1393 847 1402 '

252 1549 381 1698 Ecce,
404 1633 461 1676 uos
485 1613 552 1698 jam
573 1633 671 1678 manu
695 1612 785 1699 quasi
810 1610 961 1680 deductos
988 1613 1029 1683 ad
1051 1615 1145 1688 urani

182 1719 294 1802 genus,
327 1714 415 1803 quod
447 1713 510 1780 hoc
539 1715 642 1801 capite
676 1715 770 1780 latius
805 1736 1010 1801 exponamus3
1045 1741 1144 1806 quare

184 1821 282 1886 multa
313 1819 352 1886 de
385 1841 423 1885 eo
454 1819 588 1906 praefari
615 1841 679 1884 non
704 1830 751 1885 est
771 1819 947 1886 consilium.
993 1821 1148 1912 Collegla,

184 1921 290 2006 qrsalia
317 1920 407 2012 apud
437 1919 643 1986 Athenienses
675 1922 820 2008 inprimis
846 1921 1017 1988 audiebant
1041 1928 1148 1991 saorl-

182 2023 298 2090 licandi
322 2025 379 2090 illa
404 2021 564 2108 sodalitia,
593 2045 729 2111 quorum
759 2023 837 2089 socii
861 2025 1054 2092 vocabantur
1078 2032 1149 2114 ἐρα.

184 2131 283 2197 onorat
321 2140 353 2194 et
379 2133 550 2211 θιασῶται,
578 2150 642 2193 non
666 2129 752 2215 parri
777 2127 871 2193 luisse
893 2131 1046 2196 momenti
1070 2152 1148 2196 mo-

186 2231 290 2296 nuisse
326 2229 468 2297 sufficiat.
524 2229 610 2313 Quid
634 2230 720 2294 enim
745 2229 883 2316 ubique,
912 2231 938 2294 si
961 2253 1026 2296 non
1054 2251 1151 2298 com-

184 2332 324 2418 modius,
358 2344 389 2398 at
422 2343 507 2398 certe
536 2329 722 2425 jucundius·
738 2329 889 2414 babetur,
913 2351 1009 2417 quam
1035 2331 1148 2396 bomi-.

185 2460 263 2502 num
287 2437 449 2502 societates
479 2446 566 2502 certa
591 2435 661 2521 lege
687 2443 829 2520 statuque
853 2443 995 2519 tempore
1017 2453 1149 2499 coeun-

184 2550 246 2625 tes,
278 2539 322 2604 ita
356 2550 393 2604 ut
421 2539 503 2604 inter
538 2535 638 2601 socios
673 2535 713 2600 sit
743 2533 900 2599 bonorum
931 2535 1151 2626 malorumque

187 2638 400 2710 consortium?
432 2638 488 2731 (1).
543 2636 606 2704 Sed
635 2659 735 2726 quum
765 2635 947 2723 hujusmodi
980 2639 1151 2706 consocia-

185 2749 287 2813 tiones
316 2747 377 2811 sive
412 2742 587 2809 sodalitates
608 2738 777 2831 (ἑταιρεῖαι)
809 2742 894 2808 malo
922 2762 1152 2830 nonnunquam

187 2849 319 2914 consilio
349 2851 487 2932 coirent,
515 2845 643 2931 collegii
669 2845 751 2910 liciti
774 2827 914 2930 speciem
941 2867 1016 2932 prae
1041 2868 1074 2911 se
1097 2846 1153 2912 le-

186 2961 309 3035 rentes,
348 2948 451 3013 evenit
485 2958 523 3011 ut
557 2946 737 3032 respublica
772 2945 1026 3023 Atheniensium,
1065 2947 1152 3016 baud

186 3077 277 3120 secus
312 3075 350 3120 ac
384 3062 492 3140 postea
522 3051 692 3137 imperium
721 3052 918 3136 Romanum,
947 3053 1018 3139 plus
1044 3051 1151 3121 damni

186 3181 283 3248 quam
317 3154 523 3228 emolumenti
552 3151 627 3219 iude
654 3165 789 3241 caperet.
834 3155 917 3220 Hinc
940 3175 1005 3218 non
1028 3155 1151 3218 imme-

185 3266 246 3329 rito
269 3270 417 3327 caverunt
439 3257 673 3345 Legumlatorea
696 3257 848 3342 Romani,
880 3277 921 3320 ne
947 3254 1149 3340 1111131111-

187 3369 276 3434 licita
308 3370 447 3447 coirent,
480 3357 759 3426 animadvertentes
793 3357 880 3423 idem
909 3356 977 3441 jam
1012 3375 1047 3418 ex
1078 3353 1150 3440 lege

186 3469 310 3537 Solonis
331 3463 486 3554 placuisse
508 3459 752 3528 Atheniensibus
774 3459 830 3551 (2).
955 3537 959 3551 α

233 3569 380 3657 Collegiis
406 3566 501 3632 licitis
521 3585 595 3630 vero
613 3574 683 3628 erat
708 3565 840 3651 exlege
865 3562 987 3627 Solonis
1012 3581 1151 3626 conces-

197 3753 557 3780 -1-1---

221 3863 263 3932 (1)
284 3859 331 3914 Sic
351 3860 380 3911 in
403 3857 459 3928 lege
478 3855 585 3911 Solonis
602 3857 765 3911 vocabantur
781 3853 915 3919 ὁμόταφοι
931 3861 982 3908 cat.
1018 3851 1084 3906 vid.
1104 3853 1157 3906 Pe-

184 3945 227 3996 tit.
253 3943 355 3995 comm.
382 3941 417 3993 ad
440 3939 499 3992 LL.
528 3941 586 3993 trs.
606 3959 634 4009 p.
649 3940 711 3992 524.
728 3965 763 3982 -
780 3938 824 3991 De
841 3938 953 3990 utilitate
969 3953 1054 4006 porro
1070 3937 1158 3990 colle-

186 4027 289 4094 giorum
312 4030 396 4076 nante
420 4025 556 4094 republica
584 4022 801 4088 Atheniensium,
827 4021 883 4078 vid.
911 4018 1027 4075 boeclh.
1053 4020 1158 4076 Stante-

187 4105 283 4160 bausb.
307 4106 355 4159 der
384 4105 482 4162 Athen.
510 4109 540 4163 P·
569 4107 592 4161 1.
619 4127 647 4176 p.
675 4109 733 4160 164.
780 4105 821 4175 (2)
842 4103 907 4160 Vid.
925 4105 1025 4159 Potitus
1044 4105 1077 4158 ad
1100 4101 1159 4166 1114

197 4192 254 4244 111.
272 4203 302 4260 p:
319 4193 380 4244 524.
398 4209 437 4262 sq.
645 4215 648 4224 ·
