2886 4826
612 495 783 556 ..23-

214 685 501 756 aerumnarum,
534 674 684 759 majorem
709 674 799 739 nobie
828 653 1047 743 contrahamus
1082 681 1177 748 lami-

214 777 384 842 liaritatem
413 773 470 865 (1).
525 776 684 857 Quocirca
710 797 760 842 rea
790 779 885 864 paulo
914 781 1090 848 accuratius
1118 787 1177 851 crit

213 878 454 966 perpendenda,
478 876 581 943 donec
602 879 743 958 conriria
770 879 918 946 solutiora
939 879 979 946 ad
999 881 1178 970 hujumodi

211 983 358 1049 sodalitia
385 981 604 1066 retulerimus,
626 1001 708 1068 quae
734 1003 753 1046 a
785 982 911 1070 collegii
936 983 1100 1070 cujusdam
1124 1009 1179 1052 ao-

212 1087 271 1152 oiis
307 1107 374 1150 non
404 1085 497 1149 facile
530 1083 716 1172 distinguas,
749 1096 843 1174 atque
868 1087 950 1152 inter
974 1088 1117 1156 sodalitia
1148 1103 1179 1156 et

193 1183 360 1272 ,cassegia‘
383 1186 585 1250 eranistarum
615 1208 731 1250 nexum
756 1184 924 1276 quemdam
945 1189 1177 1258 animadvertas.

655 1291 683 1375 ς.
708 1293 737 1355 6.

260 1390 457 1474 Euatathiua,
479 1391 512 1454 in
544 1389 671 1456 scholiis
695 1390 735 1456 ad
755 1392 945 1479 llomerum,
969 1394 1025 1460 ubi
1049 1394 1088 1460 de
1110 1401 1178 1484 ἱρά.

202 1521 283 1572 -νοις
303 1516 404 1559 sermo
435 1505 494 1575 eat,
517 1491 594 1558 dicit
625 1514 692 1578 eoo,
714 1495 771 1581 qui
809 1499 931 1582 ἐράνους
965 1496 1178 1584 celebrarent,

215 1597 321 1664 vocari
354 1599 527 1683 ἐραννστὰς,
562 1616 643 1681 quae
668 1617 725 1661 ror
756 1617 831 1662 oum
856 1599 981 1686 proprie
1011 1598 1051 1666 ad
1075 1602 1179 1666 eolle-

182 1697 186 1710 '
212 1704 300 1791 glum
329 1700 534 1766 eranistoruru
564 1697 733 1782 pertineat,
755 1700 834 1786 quin
859 1700 899 1766 ad
922 1712 1026 1766 noatra
1050 1721 1177 1790 quoque

214 1807 356 1874 convivia
392 1801 504 1867 referri
540 1800 652 1886 possit,
684 1801 791 1866 nullus
824 1801 951 1887 dubito,
973 1802 1093 1870 etiamsi
1121 1825 1178 1868 ror

213 1913 369 1996 ἰραννστὴς
396 1923 553 1991 nunquam
579 1901 664 1990 apud
694 1903 867 1970 Homerum
894 1917 1048 1970 occurrat
1093 1907 1179 1988 Quid

212 2006 354 2076 mirum?
399 2007 457 2072 Tot
476 2005 562 2070 enim
584 2026 687 2095 quum
708 2006 770 2072 aiut
791 2007 924 2082 oonurii
941 2029 1071 2097 genera,
1093 2031 1178 2098 quo-

213 2136 287 2180 rum
326 2110 475 2179 conrirae
519 2119 605 2174 certo
645 2109 774 2174 nomine
814 2123 936 2196 carent,
981 2111 1074 2178 facile
1108 2113 1177 2180 fieri

208 2219 333 2305 potuit,
366 2226 406 2294 ut
426 2213 547 2278 nemini
575 2213 708 2279 rouiaaet
732 2215 788 2280 illo
816 2227 957 2303 tempore
981 2217 1016 2281 in
1037 2229 1177 2284 mentem

210 2320 366 2404 nominis,
389 2315 475 2406 qnod
501 2313 647 2380 inderent
672 2316 728 2395 iia,
751 2318 807 2404 qui
828 2339 945 2384 coenae
967 2315 1100 2408 (ἐράνου)
1122 2320 1177 2385 iu-

210 2433 369 2491 tereaaent
414 2419 519 2500 Quare
540 2423 634 2502 poeta
653 2437 706 2482 eoa
724 2417 856 2484 vocabat
877 2421 1022 2506 ἑταίρους.
1067 2418 1175 2502 Quum

213 2530 311 2616 igitur
334 2525 485 2613 ἐρανισταὶ
509 2543 527 2586 a
553 2521 676 2586 Solonis
696 2531 796 2588 aetate
822 2521 951 2590 demum
975 2524 1037 2590 aiut
1063 2523 1175 2589 oriun-

214 2631 264 2716 di,
300 2650 375 2697 oum
400 2617 532 2710 ubique¹
553 2622 704 2688 Graeciae
732 2625 873 2714 rigerent
908 2627 1057 2716 eollegia;
1080 2623 1176 2694 credo.

212 2736 295 2801 hano
315 2751 426 2798 rocem
447 2736 547 2794 aetate
571 2725 725 2794 Athenaei
746 2727 825 2796 adeo
849 2730 954 2798 tritam
975 2730 1117 2815 everiaco,
1139 2741 1175 2796 ut

212 2840 357 2928 plerique
388 2852 512 2914 omnes,
539 2829 596 2916 qui
628 2832 768 2900 convivia
800 2857 836 2902 ex
867 2836 1030 2900 communi
1060 2835 1174 2900 collato

214 2941 430 3020 celebrarent,
460 2934 612 3019 ἐρανισταὶ
635 2945 830 3001 vocarentur.
874 2938 956 3002 ilino
985 2938 1081 3025 igitur
1106 2939 1175 3004 Eu-

214 3043 383 3125 alethium,
405 3038 462 3128 qui
487 3057 523 3102 ex
548 3035 709 3104 Athenaeo
739 3060 812 3104 oum
840 3041 955 3126 multa,
976 3051 1046 3107 tum
1073 3043 1175 3108 mari-

212 3167 281 3231 me,
304 3143 383 3233 quid
401 3152 481 3206 earet
501 3144 673 3227 ἐρανισνὴς,
697 3139 814 3227 hausit,
835 3142 940 3208 minue
959 3155 1046 3210 recte
1064 3167 1174 3213 rocem

245 3347 287 3416 (1)
307 3345 462 3399 Cavendum
479 3349 534 3408 eat,
554 3360 588 3395 ne
606 3347 797 3397 aomirroia'orrer
821 3344 854 3396 rrl
878 3350 966 3396 noatra
985 3344 1107 3400 convivia
1134 3365 1180 3401 ra-

211 3430 340 3496 leramua,
360 3430 394 3480 de
411 3428 509 3500 quibua
525 3427 623 3478 multuo
641 3433 680 3478 eat
695 3425 828 3479 Heraldur
845 3426 874 3478 in
890 3425 1004 3481 Obaerr.
1015 3426 1048 3478 ad
1063 3426 1079 3479 J
1082 3445 1111 3480 ua
1121 3429 1179 3482 Art.
1263 3451 1267 3468 r

210 3521 237 3566 at
260 3514 338 3566 Rom.
363 3510 416 3566 VI.
447 3511 489 3576 7.;
519 3527 586 3580 quaa
611 3510 675 3564 licet
703 3511 859 3581 plerumque
881 3513 913 3563 de
937 3511 1058 3580 symbolis
1084 3509 1180 3566 fierent

211 3595 298 3665 (quod
322 3613 377 3647 non
407 3601 446 3647 eat
471 3591 676 3664 inficiandum),
694 3595 735 3645 nil
753 3602 839 3647 tumen
857 3594 890 3645 iia
911 3601 1043 3666 proteum
1061 3585 1179 3665 lpdcoaer

214 3686 287 3732 erant
304 3680 374 3732 enim
390 3676 440 3730 hae
456 3677 649 3730 eomiaaatiouea
665 3677 787 3732 convivia
804 3675 933 3746 quaedam
952 3675 1112 3743 popularia,
1133 3681 1179 3735 ubi

212 3763 302 3815 nullua
320 3763 375 3816 lare
392 3763 579 3831 temperantiae
595 3769 652 3815 erat
667 3763 770 3814 modae.
806 3759 855 3812 Hir
871 3759 1032 3828 respondent
1045 3763 1179 3818 evadatu-

211 3865 258 3899 νια
276 3847 346 3914 apud
363 3845 555 3900 Callimachum
572 3846 601 3899 in
619 3847 724 3915 Hymno
742 3845 771 3896 in
787 3841 911 3895 Cererem
929 3859 956 3895 r·
975 3841 1018 3894 73.
1037 3847 1102 3905 ναῖς
1116 3847 1179 3919 ἐρώ-

210 3949 273 3993 ννς,
299 3929 363 3982 οὔτε
388 3927 588 3984 oucrlrlrrorrr·’'
623 3927 671 3984 ad
698 3943 778 3996 qoem
806 3923 869 3979 ride
901 3919 1099 3990 spanhemium.
1135 3929 1179 3982 De

212 4031 291 4066 coena
317 4031 419 4082 porro,
448 4031 515 4084 quae
542 4012 714 4082 popularibus
739 4011 793 4066 aive
819 4007 953 4078 δημόταις
986 4012 1177 4079 apparabatur,

214 4095 380 4161 accipiendus
406 4103 446 4149 eat
470 4097 545 4149 loona
573 4096 729 4159 Plautinus,
757 4095 785 4147 in
810 4091 966 4145 Trinummo
987 4092 1041 4163 (11.
1058 4097 1085 4148 6.
1101 4097 1177 4166 67.);

217 4176 326 4234 addatur
344 4197 450 4251 quoque
469 4177 601 4232 lleroldua
617 4179 645 4234 in
663 4177 777 4242 Obaerr.
794 4184 821 4234 et
838 4175 949 4233 Emend.
969 4177 1000 4234 C·
1019 4178 1062 4232 ll.
