2886 4826
569 512 731 575 ..29-

165 692 311 759 convivia
341 691 476 755 solerent
512 688 601 772 iniri3
638 689 727 774 cujus
767 687 813 751 rei
842 689 984 776 vestigia,
1017 691 1132 777 quibus

164 809 237 862 tuto
262 797 452 880 insistamus,
487 815 642 882 nusquam
671 815 829 879 superesse
858 795 997 880 reperio;
1029 817 1132 883 neque

165 901 306 964 Terentii
332 898 518 966 Comoedias
552 897 624 962 satis
654 908 790 984 arguunt
812 898 936 981 locum,
966 897 1023 962 ubi
1048 919 1133 964 con-

125 999 133 1018 '
164 1003 311 1067 venirent
343 1002 519 1082 coenaturi3
562 999 623 1064 hoe
660 1001 769 1063 saltem
805 1019 840 1062 er
877 1018 914 1062 eo
956 1000 1134 1086 colligimus

165 1107 279 1170 locum
305 1127 341 1168 er
366 1105 526 1168 voluntate
552 1101 634 1186 ejus,
668 1121 764 1187 quem
794 1099 933 1163 convivio
961 1099 1135 1186 praefecis-

165 1217 255 1289 sent,
278 1204 461 1290 pependisse
487 1201 542 1293 (1)
589 1203 668 1270 Cum
692 1203 789 1288 igitur
811 1214 973 1288 appareat,
995 1205 1134 1289 praesti-

166 1308 216 1370 tui
239 1307 371 1394 quidem
396 1307 540 1371 conviviis
565 1307 673 1371 locum
695 1305 808 1387 solere,
831 1315 1020 1368 nontamen
1045 1307 1135 1392 cujus

166 1409 202 1472 in
245 1407 374 1474 aedibus
406 1408 610 1493 haberentur,
644 1407 669 1470 si
698 1428 762 1472 non
786 1408 842 1471 ille
875 1409 1050 1494 praelectus
1082 1431 1135 1475 cos

170 1509 269 1574 domo
306 1511 475 1596 exciperet3
506 1508 694 1574 crediderim
727 1507 931 1576 nihilominus
957 1533 1027 1598 eos,
1060 1515 1136 1580 licet

110 1629 115 1638 ·
167 1613 295 1700 legibus
328 1636 393 1678 non
429 1613 606 1698 adstrictos,
650 1625 772 1679 certum
811 1615 953 1682 ordinem
992 1639 1133 1684 servasse.

166 1716 262 1798 Quod
304 1739 368 1804 qno
403 1719 517 1783 melius
552 1717 753 1806 procederet,
790 1719 917 1784 alternis
956 1721 1076 1786 vicibus
1102 1745 1135 1787 se

167 1819 349 1904 exciperent
380 1821 526 1885 convivae
551 1841 677 1884 necesse
704 1831 787 1900 erat,
810 1822 993 1905 praesertim
1018 1823 1043 1886 si
1063 1825 1135 1910 plns

168 1925 266 1988 semel
287 1923 327 1988 ad
349 1925 490 1990 convivia
509 1923 648 1991 ineunda
666 1923 763 1988 iidem
785 1925 988 1989 convenirent
1007 1923 1135 1990 sodales.
1236 1997 1240 2006 ,

168 2027 330 2109 Quocirca
362 2029 432 2113 ille,
463 2028 498 2091 in
533 2048 628 2116 quem
660 2024 791 2113 parandi
813 2047 889 2093 cura
919 2026 1134 2112 incumberet,

167 2153 231 2196 non
257 2155 397 2218 semper,
420 2133 550 2219 opinor,
572 2132 658 2197 idem
688 2143 769 2214 erat3
792 2129 865 2215 sed,
887 2152 944 2216 pro
967 2131 1056 2214 loco,
1079 2130 1136 2197 ubi
1204 2117 1207 2124 ¹

170 2245 248 2298 esset
274 2256 390 2318 coena,
415 2235 508 2318 alius5
529 2234 564 2300 id
582 2233 668 2322 quod
691 2235 724 2298 in
746 2233 887 2318 collegiis
911 2233 1047 2297 strictius
1070 2233 1136 2298 ob-

169 2350 327 2404 servatum
365 2337 459 2402 luisse
493 2337 605 2424 credo,
642 2339 700 2402 nbi
731 2338 883 2402 nimirum
915 2347 1038 2421 tempus
1067 2347 1136 2400 tum

170 2437 394 2524 conveniendi,
435 2452 504 2504 tum
547 2441 582 2505 in
620 2461 789 2505 commune
829 2436 1027 2522 conferendi,
1071 2461 1135 2504 non

168 2543 249 2609 adeo
269 2543 421 2609 voluntati
442 2565 566 2627 eornm,
589 2544 646 2631 qui
665 2545 865 2627 interessent,
888 2552 954 2606 erat
973 2540 1136 2626 relictum,

168 2645 223 2710 sed
260 2645 359 2730 magis
392 2666 467 2708 cum
498 2647 645 2733 negotiis,
679 2669 761 2734 quae
796 2656 941 2734 agerent,
973 2643 1137 2710 ridebatur

170 2747 388 2832 conjunctum.
433 2748 491 2812 Ille
517 2750 617 2835 enim,
640 2749 731 2835 cnjus
755 2750 789 2814 in
814 2747 945 2814 aedibus
966 2751 1139 2816 convenie-

168 2845 263 2933 bant,
287 2849 502 2934 appellabatur
528 2857 745 2939 συμποσιάρχης
759 2848 821 2940 (2):
844 2873 918 2916 nam
939 2853 987 2916 uti
1009 2854 1043 2919 in
1065 2857 1138 2921 col-

170 2953 262 3041 legiis
297 2963 364 3017 erat
399 2957 561 3044 ε’ροινόιρχῃἱ
589 2953 735 3042 quidam,
769 2955 905 3041 collegio
931 2957 1137 3022 eranistarum

167 3057 365 3143 praelectus,
399 3057 443 3120 sio
479 3057 513 3120 in
550 3057 697 3122 conviviis
731 3057 933 3122 solutioribus
958 3070 1025 3123 erat
1051 3081 1138 3124 con-

168 3159 242 3223 vivii
273 3156 471 3240 moderator,
508 3168 544 3221 ut
571 3158 639 3242 jam
681 3179 774 3244 supra
810 3159 1000 3225 monuimus.
1060 3161 1138 3225 Inde
1180 3243 1183 3252 ι

167 3264 266 3350 igitur
292 3263 352 3327 erit
382 3260 585 3347 explicandus
610 3261 782 3328 Aristotelis
803 3263 893 3328 locus
919 3261 958 3324 de
981 3261 1138 3344 eranistis,

169 3365 228 3427 ubi
263 3369 315 3429 τοῦ
343 3369 498 3450 βαναύσου
531 3384 632 3427 sermo
668 3376 728 3448 est,
773 3365 829 3451 qui
866 3365 955 3427 locus
991 3363 1037 3425 sic
1073 3383 1138 3426 sese
1168 3419 1176 3425 .

166 3465 278 3533 babet:
313 3471 364 3532 aod
401 3467 606 3554 depoposcerat
634 3471 716 3553 παρὰ
743 3467 849 3550 μέλος,
887 3461 951 3532 οἷον
985 3469 1138 3551 {pastorale

202 3705 244 3775 (1)
264 3703 301 3758 V.
320 3721 399 3771 snpra
418 3704 443 3770 p.
465 3705 490 3754 3.
510 3700 538 3753 b.
560 3718 617 3770 cap.
654 3699 695 3770 (2)
717 3697 760 3750 De
784 3694 989 3766 Symposiurcbs
1012 3695 1079 3750 mibi
1100 3701 1143 3753 vi-

165 3788 245 3840 detur
273 3788 441 3856 accipiendus
466 3788 540 3840 locus
567 3784 682 3836 auctoris
709 3782 743 3832 ad
767 3779 930 3831 Herennium
953 3777 987 3831 L.
1007 3779 1059 3833 IV.
1077 3785 1140 3850 ol,

161 3870 204 3922 bis
227 3871 333 3924 verbis:
362 3889 378 3920 o
391 3870 462 3923 Dum
481 3868 546 3921 haec
562 3867 697 3938 loquitur,
717 3863 836 3919 venitin
859 3863 936 3914 aedes
953 3866 1095 3934 quasdam,
1114 3869 1143 3920 in

165 3957 263 4025 quibus
280 3955 432 4009 sodalitium
450 3946 507 4008 erat
524 3953 618 4006 eodem
637 3953 681 4004 die
699 3952 835 4002 futurum:
859 3965 912 4017 quo
931 3949 980 4003 iste
998 3969 1048 4020 pro
1067 3955 1143 4006 noti.

160 4040 200 4090 'tia
222 4042 320 4092 domini
344 4042 446 4091 aedium
462 4036 611 4107 ingreditur
628 4051 688 4087 cunr
711 4030 897 4100 hospitibus.''
934 4029 1076 4086 Salmasius
1093 4051 1143 4090 ve-

168 4127 253 4172 terum
278 4120 435 4174 Glossarum
461 4119 617 4174 auctoritate
637 4117 776 4186 legendum
801 4122 890 4169 censet
907 4119 1074 4172 domnaedius
1092 4135 1141 4186 pro

166 4207 283 4260 dominos
300 4208 410 4259 aedium.
447 4203 483 4260 V·
500 4201 615 4256 Miscell.
637 4200 734 4256 defens.
753 4199 785 4254 C.
806 4201 830 4254 3.
849 4218 875 4269 p.
894 4200 937 4253 73.
