2886 4826
303 701 412 773 δόντας
436 699 488 764 τὸν
512 697 621 780 ἔρανον
641 699 704 768 τοῖς
726 699 791 776 ἤτοι
818 691 976 779 λαχοῦσιν,
999 695 1202 780 ἤῂρημένοις·
1217 693 1262 785 (1)

302 797 363 872 εἶεν
389 805 430 868 ἂν
456 785 538 864 οὗτοι
564 800 594 864 os‘
615 795 687 880 παρ’
714 801 786 878 ἡμῖν
810 794 989 878 καλούμενοι
1013 801 1185 885 ἐρανάρχαι.
1209 797 1262 888 (l).

346 902 410 968 Sed
444 899 483 966 sle
515 898 695 966 eranarchis
719 910 888 986 antequam
920 922 1064 988 agamus,
1094 905 1183 990 prius
1207 917 1264 989 est,

302 1021 337 1078 nt
361 1007 400 1079 de
425 1003 535 1089 modo,
557 1025 621 1092 qno
645 1003 850 1069 convenerint
868 1005 1036 1092 eranistae,
1058 1005 1168 1094 dequo.
1181 1027 1265 1072 con·
1294 1017 1296 1022 ⁴

303 1113 372 1178 silio
394 1109 469 1197 ipsis
490 1106 667 1195 proposito,
690 1103 841 1176 dicamus.

732 1209 761 1292 §.
787 1209 838 1272 ll.

345 1314 491 1384 Vidimus
521 1311 588 1396 jam
624 1331 718 1396 snpra
748 1309 896 1374 eranistae
929 1321 1072 1398 tempore
1105 1332 1264 1378 sacrorum

303 1415 471 1504 contenire
499 1412 614 1478 solitos.
659 1408 723 1474 Sed
744 1431 847 1497 quum
873 1423 1016 1480 caeterae
1040 1415 1204 1504 societates
1228 1413 1266 1483 ad

303 1519 431 1606 collegii
452 1517 657 1582 eranistarnm
680 1515 777 1580 instar
802 1528 903 1582 essent
923 1518 1100 1604 institutae,
1122 1518 1266 1584 ridentur

302 1641 431 1709 quoque
463 1619 606 1706 negotia,
639 1640 776 1706 quorum
808 1640 903 1685 causa
928 1621 1059 1694 societas
1087 1623 1166 1691 inita
1187 1633 1269 1708 erat,

302 1735 339 1788 ut
364 1705 566 1809 plurimum,
600 1741 677 1786 cuns
707 1720 802 1785 sacris
824 1720 918 1786 luisse
946 1723 1126 1809 conjuncto.
1172 1724 1270 1806 Quo-

303 1828 490 1914 tiescunque
514 1827 611 1914 igitur
635 1825 677 1891 ob
699 1825 826 1913 negotia
845 1826 933 1890 licita
957 1827 1052 1892 simul
1073 1849 1139 1893 esse
1164 1848 1269 1915 coge-

302 1941 412 1996 rentur
431 1927 567 2012 sodales‚
590 1929 681 1993 toties
701 1950 754 1993 eos
775 1929 840 1994 nni
857 1930 999 2015 epulatos
1013 1951 1078 1996 esse
1088 1931 1266 2000 verosimile

304 2043 365 2098 est:
388 2031 556 2108 nonenim
578 2030 633 2106 illa
650 2031 781 2102 societas
802 2042 868 2096 erat
889 2044 1066 2119 contracta,
1090 2046 1127 2100 ut
1146 2055 1268 2122 semper

304 2145 337 2200 et
366 2134 475 2222 quovis
509 2145 651 2220 tempore
686 2135 751 2200 uni
784 2143 900 2209 essent,
934 2134 989 2200 sed
1019 2148 1055 2202 ut
1083 2137 1269 2226 aliqnando,

282 2237 331 2319 ,si
356 2238 490 2322 vellent,
511 2237 575 2302 uui
600 2257 665 2302 esse
690 2246 823 2323 possent
868 2235 914 2299 Ile
937 2235 1119 2322 hujusmodi
1143 2239 1269 2306 eranis-

305 2354 411 2410 tnrum
444 2329 600 2406 conventri
639 2338 825 2426 accipienda
857 2351 930 2404 suut
961 2341 1057 2408 rerba
1088 2343 1196 2430 Lysiae
1232 2339 1270 2406 de

305 2447 463 2514 Aeschine
493 2447 655 2512 Socratico
687 2444 833 2510 dicentis:
864 2447 951 2520 ὅσους
974 2446 1002 2513 δ’
1027 2451 1151 2532 ἐράνους
1172 2448 1271 2514 conal-

304 2550 426 2630 naras,
457 2553 512 2625 oric
542 2552 601 2632 μὲν
630 2548 814 2624 ὑπολοίπους
845 2553 938 2636 φορὰς
978 2551 1014 2616 οὐ
1049 2551 1268 2635 κατατίθησιν,

304 2653 384 2720 ἀλλὰ
416 2657 484 2739 περὶ
512 2660 619 2720 τοῦτον
647 2657 701 2720 τὸν
734 2652 872 2737 κάπηλον
898 2657 940 2728 ὥς
968 2659 1036 2740 περὶ
1063 2655 1175 2739 στήλην
1191 2657 1271 2722 Ιδιοι-

303 2759 482 2842 postponas
510 2753 566 2844 (3).
620 2757 724 2837 Quem
762 2757 870 2822 locum
904 2757 959 2821 alii
991 2758 1081 2824 aliter
1108 2760 1272 2847 interpre-

303 2859 361 2924 tati
386 2870 473 2924 sunt:
505 2859 699 2924 Dissentiunt
728 2859 899 2945 praecipue
925 2859 1112 2946 interpretes
1136 2862 1171 2926 in
1192 2882 1269 2928 noce

304 2960 508 3042 revaluerat,
539 2958 625 3048 quod
655 2961 761 3026 minus
789 2971 876 3026 recte
901 2961 1044 3029 inculcat
1068 2964 1268 3031 casaubonus

335 3203 376 3272 (1)
397 3199 443 3254 Sic
469 3197 613 3254 Salmasius
639 3197 703 3266 legit
728 3215 778 3266 pro
802 3199 969 3266 ἔονημένονς.
1011 3197 1078 3251 vid.
1093 3198 1209 3254 Miscell.
1226 3199 1276 3252 de·

299 3287 366 3342 leus.
382 3285 415 3340 C.
424 3285 450 3336 2.
466 3302 494 3354 p.
503 3283 547 3334 27.
585 3281 626 3350 (2)
647 3276 726 3332 Conf.
738 3279 861 3334 Valesius
877 3281 905 3332 in
923 3281 1009 3334 Notas
1022 3280 1154 3336 Mansssci
1169 3301 1197 3351 p.
1209 3285 1274 3348 let,

299 3389 379 3443 qoem
396 3370 481 3422 miror
499 3365 622 3421 Salmasii
640 3365 852 3420 emendationem
869 3366 951 3420 ruodo
969 3367 1100 3419 laudatam
1119 3379 1174 3420 non
1192 3366 1279 3438 anirn-

299 3455 455 3512 odvertisse.
475 3482 511 3497 -·
537 3452 581 3504 Ao
614 3452 768 3522 ἐρανάρχην
793 3451 868 3520 qnod
895 3451 1005 3516 attinet,
1042 3451 1159 3520 conferri
1191 3457 1279 3520 potest

298 3539 471 3593 Remissane
489 3535 596 3601 Prado,
616 3535 645 3586 in
663 3532 891 3587 Pentecoutarcho
909 3532 941 3586 C.
961 3532 1015 3585 xl.
1036 3552 1064 3601 p.
1081 3535 1141 3584 119.
1157 3551 1197 3604 sq.
1207 3558 1214 3599 5
1233 3533 1283 3586 uhi

298 3627 329 3680 in
354 3625 447 3679 Const.
467 3625 494 3676 9.
512 3617 544 3673 C.
564 3620 598 3672 de
615 3618 680 3670 June
697 3618 787 3683 Fisoi,
806 3635 856 3687 pro
873 3619 893 3669 I
893 3619 1017 3670 tassarolo
1034 3615 1175 3685 legendnm
1190 3621 1279 3669 censet

299 3708 475 3773 Eronorolro:
501 3703 549 3756 sed
572 3700 635 3754 hnic
661 3700 770 3754 lectioni
793 3699 886 3754 Const.
909 3699 990 3758 Unic-
1012 3697 1045 3752 Ο.
1065 3699 1099 3752 de
1125 3697 1278 3754 irenarchis

302 3791 354 3860 (X.
374 3791 431 3860 75.)
459 3789 580 3857 aliaeque
601 3786 671 3854 leges
696 3803 710 3836 e
734 3785 839 3854 reginam
863 3787 1018 3852 repugnant.
1053 3779 1097 3836 Cs.
1122 3781 1148 3834 J·
1169 3780 1280 3836 Gotho-

299 3870 370 3924 ired.
389 3871 424 3923 ad
450 3869 520 3923 Cod.
537 3865 643 3920 Theod.
661 3865 695 3918 Τ.
713 3864 765 3920 IV.
781 3884 809 3934 p.
828 3867 891 3917 647.
907 3882 967 3934 sq„
993 3881 1074 3934 quern
1090 3864 1181 3918 laudat
1199 3866 1279 3919 Doe-

222 3964 224 3968 '
300 3956 357 4008 tiss·
375 3956 491 4010 Pannins
507 3956 536 4007 in
553 3950 886 4017 Dissert.land.p.138.
923 3949 965 4017 (3)
985 3946 1051 4001 vid.
1071 3945 1168 4018 Lysiae
1184 3947 1278 4016 fragm.

301 4038 329 4088 o.
354 4036 380 4085 7.
403 4033 619 4100 Tom.vt.1t.;
647 4033 717 4086 conf.
736 4031 859 4086 Valesius
883 4031 917 4082 ad
941 4031 1099 4100 Harpocret.
1125 4047 1186 4088 voc.
1205 4031 1279 4099 πλη.
1305 4072 1308 4077 .

301 4119 403 4248 purple,
428 4134 455 4184 p.
482 4118 537 4184 64,
574 4115 621 4188 qni
646 4117 747 4168 τοῦτον
770 4116 818 4168 τὸν
842 4113 963 4182 κάπηλον
994 4115 1028 4168 de
1056 4115 1115 4184 ipso
1146 4111 1277 4171 Aeschine

302 4198 357 4250 inse
381 4196 437 4265 igit.
