2904 4826
672 499 870 564 -106-

291 701 615 775 eumquaecunque
646 681 759 745 cronio
782 679 900 768 ordy'uoi
922 677 979 767 (1).
1023 680 1129 762 Quem
1151 691 1254 746 tomen

291 789 401 854 locum
425 788 515 852 aliter
540 781 709 870 expediunt
730 783 932 868 interpretes,
955 781 1044 867 quusi
1064 782 1256 848 Demosthe-

289 915 346 958 nes
368 891 485 958 umioos
501 888 630 975 juvisset
651 887 685 950 iu
707 880 855 950 solvendi
877 884 1028 972 pecuuid,
1052 908 1149 972 quum
1171 887 1256 951 eraui

291 998 419 1062 nomine
452 994 521 1080 jum
559 989 789 1055 contraxissent
849 988 953 1069 Quum
984 989 1189 1071 sententiam,
1223 987 1258 1051 iu

289 1122 354 1188 qua
383 1099 478 1164 etiam
501 1105 639 1162 versatus
663 1103 710 1157 est
734 1091 936 1157 Casuubouus
961 1089 1023 1180 (2),
1051 1093 1097 1154 nil
1121 1091 1255 1169 hahere,

290 1225 355 1292 quo
402 1223 468 1267 sese
519 1217 710 1285 magnopere
757 1192 973 1278 commendet,
1010 1193 1256 1258 existimaverim.

291 1307 365 1390 cui,
388 1324 523 1394 quaeso,
551 1302 636 1365 bono
662 1298 742 1362 foret
765 1319 913 1382 eranum,
936 1298 1043 1383 cujus,
1065 1309 1100 1361 ut
1116 1299 1185 1382 jam
1208 1293 1279 1361 ri-'

291 1409 413 1494 dimus,
441 1408 530 1472 nulla
554 1415 621 1468 erat
648 1401 802 1470 reddendi
826 1403 991 1490 obligatio,
1021 1403 1061 1468 ab
1086 1403 1155 1468 eliis
1175 1404 1258 1466 umi-

290 1512 336 1576 oio
360 1505 473 1574 reddi?
517 1509 628 1571 Nonne
651 1507 696 1571 ite
720 1506 822 1570 omnis
850 1507 938 1570 eroni
966 1507 1052 1572 notio
1074 1505 1108 1569 in
1129 1507 1257 1592 vulgare

291 1614 435 1679 debitum
473 1607 623 1677 caderet?
681 1609 841 1690 Quocirca
878 1630 951 1672 nou.
974 1607 1081 1694 rideo,
1110 1630 1169 1673 cur
1192 1609 1260 1672 ue-

291 1714 469 1780 mosthenes
503 1713 581 1800 quid
616 1713 776 1777 tribuisset
812 1711 930 1796 amieo,
967 1733 1064 1797 quem
1093 1735 1112 1778 a
1145 1725 1258 1778 caete-

290 1819 334 1884 ris
358 1817 483 1900 amicis,
515 1817 572 1903 qui
599 1837 700 1903 egeno
731 1818 840 1901 ἔρανον
875 1815 1094 1900 contulissent,
1132 1817 1259 1882 libcra-

290 1933 360 1987 ret.
392 1921 514 1986 Dabunt
539 1919 624 1984 enim
642 1918 738 1982 amici
759 1918 861 1983 amieo
877 1921 1002 2004 ἔρανον,
1026 1941 1091 1984 nou
1107 1930 1258 2008 tanquam

290 2037 447 2091 mutuum
483 2021 686 2106 ahsolutum,
729 2021 904 2086 necessario
938 2033 1080 2109 statoque
1116 2034 1259 2110 tempore

290 2129 505 2212 reddendum,
542 2126 597 2192 red
636 2137 786 2214 tauquam
827 2140 979 2192 mutuum
1022 2129 1258 2213 conditionale,

291 2234 394 2322 quod,
419 2245 454 2298 ut
479 2233 550 2298 satis
578 2243 689 2296 uotum
715 2242 776 2316 est,
800 2254 836 2296 ex
861 2243 975 2296 eventu
1001 2231 1130 2296 demum
1155 2234 1259 2298 mutui

289 2348 435 2402 naturum
466 2335 599 2400 iuduere
632 2346 770 2421 poterat,
803 2345 912 2420 utpote
947 2357 1011 2398 uon
1044 2335 1258 2424 reddendum,

289 2442 350 2506 uisi
385 2441 511 2528 quaudo
538 2463 637 2529 egeno
667 2439 828 2504 abundare
863 2439 1075 2524 contingeret,
1106 2453 1142 2506 ut
1172 2455 1259 2508 recte

289 2555 399 2608 mouet
432 2545 580 2632 Taylorus
611 2540 674 2632 (3),
698 2559 779 2607 'oum
808 2539 901 2605 dicit:
929 2562 1083 2606 »eranum
1095 2591 1169 2610 .....
1195 2568 1259 2610 nou

290 2647 416 2733 »potuit
440 2659 583 2734 repetere
609 2646 746 2734 creditor
775 2667 810 2709 er
834 2643 936 2732 rigido
955 2644 1045 2729 jure,
1074 2658 1105 2713 et
1135 2649 1191 2713 uhi
1215 2651 1259 2716 ita

290 2750 344 2813 »ei
372 2749 472 2814 risum
500 2749 611 2832 fuerit,
640 2770 749 2813 rerum
767 2747 858 2834 juxta]
878 2747 1134 2816 commoditatem
1160 2748 1260 2816 debi-

291 2849 415 2918 utorio?

725 2957 753 3042 ς.
779 2958 829 3020 15.

337 3057 482 3128 Vidimus
517 3059 613 3145 igitur
654 3061 821 3144 ἐρανάρχην
853 3058 887 3120 iu
922 3057 985 3121 hoo
1022 3059 1109 3122 oraui
1143 3079 1260 3145 genere

292 3163 386 3229 fuisse
422 3163 561 3229 amicum
601 3162 703 3228 amico
741 3185 841 3250 egeno
881 3164 975 3250 gratis
1013 3175 1259 3229 succurrentem.

246 3357 248 3364 '
324 3373 365 3442 (1)
385 3371 455 3424 Hinc
478 3371 668 3424 διαλύσασθαι
692 3371 824 3442 Taylorue
843 3389 898 3424 non
916 3372 1047 3425 immerito
1064 3379 1142 3442 putat
1166 3391 1269 3428 coure-

286 3458 346 3510 uire
370 3443 431 3509 curn
456 3457 627 3522 διενεγκεῖν,
656 3475 710 3527 quo
735 3461 819 3512 verbo
847 3476 910 3511 usur
927 3467 967 3511 ert
989 3459 1127 3528 Lyeurgus
1144 3459 1173 3510 iu
1189 3457 1267 3511 Orat.

290 3540 352 3594 udr.
380 3537 536 3590 Leocratem
552 3556 579 3605 p.
601 3540 650 3590 153
670 3541 756 3609 (150).
775 3539 853 3593 Tem.
872 3540 925 3594 lv.
943 3542 975 3592 tt.
993 3569 1028 3582 —
1045 3541 1123 3593 Cous.
1143 3542 1177 3592 ed
1202 3559 1268 3594 συν-

290 3613 481 3676 διαλὺσασθαι
504 3619 628 3680 Wolliue
654 3623 688 3675 ud
716 3624 860 3676 Kusterum
877 3623 911 3676 de
929 3622 1027 3676 Verbis
1044 3625 1140 3676 mediis
1158 3643 1187 3692 p.
1208 3625 1268 3677 150.

293 3703 334 3772 (2)
353 3703 397 3755 td
414 3701 553 3771 Theophr.
569 3702 651 3756 Cher.
671 3705 703 3758 C.
714 3705 788 3764 XV.
804 3707 831 3772 d.
849 3706 875 3758 2.
911 3704 1006 3774 Neque
1024 3708 1100 3760 aliter
1117 3709 1207 3762 locum
1223 3710 1270 3761 iu-

290 3793 450 3855 terpretatus
466 3795 506 3838 est
523 3785 646 3839 Wollius
666 3789 699 3839 ad
717 3788 877 3852 Remorum,
897 3788 949 3840 loc.
965 3788 1054 3855 laud.;
1077 3791 1112 3842 cf.
1130 3791 1266 3856 licinius,

291 3869 339 3937 qui
355 3869 411 3920 Joe.
430 3869 602 3936 Duportum,
622 3871 656 3922 ad
674 3869 813 3940 Theophr.
831 3869 912 3924 Char.
930 3871 963 3922 C.
975 3871 999 3923 Ι.
1017 3890 1045 3938 p.
1055 3875 1124 3940 192,
1143 3883 1266 3940 recutue,

293 3953 387 4003 ultime
410 3949 522 4012 Lucioui
547 3953 627 4008 verbe
659 3955 795 4007 reddidit:
828 3971 938 4022 quorum
964 3972 1008 4022 eqo
1032 3958 1139 4010 dissolvi
1162 3959 1267 4021 debito,

292 4040 368 4089 erant
385 4037 503 4098 nomine,
523 4051 598 4103 quem
618 4038 651 4088 ab
675 4042 765 4090 amieis
783 4039 956 4106 ooiteqerant,
976 4033 1121 4092 contracto.
1158 4039 1201 4107 (3)
1223 4038 1269 4092 td

293 4117 411 4188 Lycurgi
437 4114 514 4168 Oret.
543 4117 572 4168 in
595 4117 740 4184 Leocrat,
768 4120 788 4171 l.
805 4120 842 4184 l.;
870 4119 939 4172 cous.
964 4137 1043 4186 supra
1061 4121 1088 4186 §-
1107 4121 1132 4172 3.
1150 4118 1179 4172 h.
1198 4138 1223 4174 c·
1240 4120 1269 4176 itt

291 4192 364 4272 uo't.;
383 4201 515 4259 Dissentio
532 4210 618 4259 tamen
636 4205 753 4262 Doctior.
774 4206 849 4276 Pau,
868 4204 896 4260 in
913 4205 986 4262 Dios.
1005 4203 1078 4260 laud.
1095 4225 1124 4277 p.
1144 4207 1204 4262 tte.
