2886 4826
598 521 775 590 ..25-

197 729 289 776 secus
314 729 350 774 ac
383 708 504 772 obtinet
528 708 563 771 in
598 728 674 772 voce
710 712 828 794 εἰςφορὰ
859 707 968 799 (quam
997 705 1164 776 vernaculo

199 836 342 879 sermone
376 814 488 878 dixeris
514 812 552 878 de
582 809 775 901 ophrenpet).
822 813 916 895 Quod
941 812 980 878 ad
1004 818 1165 902 sequeutia

200 919 297 984 verba
328 921 379 983 ιιαλ
407 919 547 999 δαπάνης
574 915 697 983 πολλῶν
728 921 821 984 τινῶν
849 918 1015 998 γινομένων
1038 919 1166 1003 εόοιχλαν

198 1025 323 1107 attinet,
347 1043 453 1086 veram
484 1018 579 1104 hujus
610 1022 674 1084 loci
705 1022 875 1086 lectionem
902 1044 966 1088 non
991 1033 1053 1106 est,
1077 1020 1163 1108 quod

200 1131 271 1214 quis
294 1130 327 1192 iu
359 1127 493 1190 dubium
516 1135 621 1189 uocet:
645 1135 782 1189 attamen
807 1123 954 1212 Hesychii
978 1120 1163 1205 lectionem,

198 1253 266 1316 pro¹
284 1227 406 1294 πολλῶν
432 1230 525 1292 τινῶν
553 1223 698 1289 habentis
722 1226 845 1294 πολλῶν
876 1229 993 1307 αὐτῶν,
1023 1225 1164 1290 vitiosam

199 1327 404 1394 crediderim:
449 1325 641 1394 llaeoenim
661 1339 733 1391 sunt
755 1329 822 1413 ojus
843 1328 951 1394 verba:
975 1330 1077 1414 όρονα
1092 1349 1165 1393 σνν-

202 1437 337 1516 ειςφσρᾶς
360 1431 456 1514 δῶρα,
479 1434 500 1513 ἤ
526 1427 607 1504 δόσις
633 1428 754 1498 πολλῶν
787 1433 888 1499 αὐτῶν
912 1433 1058 1514 γινομόνα
1088 1455 1164 1513 συμ-

198 1537 299 1599 πόσια.
363 1532 465 1613 Quem
500 1532 598 1619 igitur
629 1533 737 1597 locum
770 1535 882 1599 misere
916 1557 981 1600 esse
1019 1547 1164 1600 vexatum

64 1629 70 1638 ’
135 1647 138 1654 “
197 1633 339 1700 iudicant
370 1635 519 1724 llesychii
548 1637 749 1722 interpretes,
782 1637 838 1702 alii
868 1639 962 1702 aliam
994 1640 1165 1705 lectionem

197 1748 327 1802 tuentes.
371 1737 497 1802 Etenim
533 1737 627 1801 facile
660 1737 740 1802 mihi
765 1759 948 1826 persuasum
978 1739 1080 1806 habeo
1107 1765 1165 1828 pro

198 1841 276 1915 δόσις
301 1839 472 1927 legendum
508 1863 572 1905 esse
609 1842 703 1916 δόσεις
728 1837 791 1929 (l):
829 1841 1086 1928 quandoquidem
1109 1867 1166 1908 vox

197 1944 292 2028 ἕρανα
315 1944 397 2029 plur.
434 1965 567 2008 numero
596 1943 772 2030 exponitur.
824 1944 926 2008 Locus
950 1944 1047 2030 igitur
1071 1947 1166 2010 resti-

197 2055 283 2109 tutus
318 2045 362 2110 sic
391 2069 423 2111 sc
448 2047 558 2112 habet:
590 2049 684 2134 ἔρανοι
708 2067 772 2111 esse
802 2045 896 2121 δόσεις
923 2047 1045 2116 πολλῶν
1072 2057 1166 2120 τινῶν

196 2155 341 2234 γινόμενα
364 2157 534 2234 συμπόσια,
556 2151 587 2216 h.
618 2174 644 2216 e.
670 2151 778 2216 νόοπο
803 2153 984 2217 multotum
1014 2155 1063 2218 ito
1090 2155 1166 2219 eol-

199 2256 308 2340 »loto,
341 2267 380 2319 ut
405 2257 554 2320 οοιινίοἱο
581 2254 656 2319 inde
686 2267 809 2342 pareto
835 2252 929 2318 rint?
983 2255 1055 2336 Quo
1087 2267 1166 2319 tau-

199 2359 270 2433 dem
300 2359 395 2424 modo
429 2362 537 2424 locum
562 2361 690 2448 legeris,
720 2381 769 2424 res
794 2359 834 2423 ad
855 2357 1002 2446 Hesychii
1027 2370 1167 2424 mentem

199 2460 416 2548 explicandam
444 2462 556 2527 eodem
587 2461 686 2544 redit,
719 2472 754 2524 ut
784 2461 941 2546 intelligas
971 2480 1046 2524 eum
1079 2459 1168 2524 indi-

201 2585 274 2628 care
296 2565 427 2628 voluisse
453 2569 547 2652 ξ’ροινοι
578 2565 624 2629 nil
652 2563 739 2629 aliud
771 2585 854 2648 esse,
877 2565 937 2628 uisi
970 2566 1165 2652 singulorum

200 2666 241 2732 ad
277 2669 415 2736 convivia
453 2670 643 2736 celebranda
685 2670 890 2753 collationes,
936 2668 997 2734 sive
1029 2671 1166 2756 pecunia

196 2783 390 2858 constantes,
414 2775 475 2839 sire
506 2776 567 2840 alio
596 2775 691 2841 modo
718 2777 817 2841 lactas
838 2774 852 2864 (
873 2771 894 2862 ).

639 2879 666 2964 ό.
696 2882 725 2943 8.

240 2979 349 3060 Quum
379 2979 476 3066 igitur
502 2978 580 3065 quid
601 2980 640 3043 sit
666 2981 842 3046 convivium
866 2984 899 3046 λιι
927 2982 1076 3069 συμβολῆς
1102 2982 1164 3045 sive

197 3079 369 3167 καταβολῆς
401 3081 675 3167 explicaverimus‚
707 3093 738 3146 et
768 3103 843 3146 vero
872 3081 965 3147 etiam
995 3083 1165 3148 viderimus

200 3183 377 3248 convivium
412 3186 473 3250 ιλιιό
506 3179 682 3271 condolete,
714 3195 750 3248 ut
778 3185 969 3271 plurimum,
991 3184 1164 3248 constitisse

233 3393 275 3463 (1)
296 3392 333 3447 V.
344 3392 492 3463 Hesychius
503 3396 531 3447 in
548 3413 608 3449 voc.
620 3395 743 3466 Ἕρση,
763 3403 790 3448 et
807 3415 874 3466 quae
892 3397 931 3449 ibi
949 3400 1108 3447 annotarunt
1125 3394 1171 3444 in-

193 3485 337 3546 terpretes:
366 3479 405 3530 sic
434 3478 557 3530 Heinsius
579 3478 643 3546 tegit
668 3481 685 3544 ἢ
712 3480 801 3538 δόσεις
824 3481 931 3531 πολλῶν
953 3477 1059 3548 ἀνδρῶν
1077 3479 1117 3532 εἰς
1135 3478 1171 3524 τὰ

193 3578 246 3624 νιν.
275 3575 357 3622 ortuo.
368 3579 380 3620 ς
406 3561 533 3629 Pergerus
556 3558 636 3612 habet
655 3561 730 3612 δόσει
748 3561 855 3612 πολλῶν
872 3561 996 3621 ἀφθόνοις
1012 3579 1064 3624 νιν.
1085 3574 1168 3620 σνμπ.

194 3644 338 3692 »convivia
365 3659 377 3693 e
399 3645 562 3709 praebitione
585 3645 728 3695 multorum
752 3643 863 3711 turpiter
890 3640 1041 3694 instmeta!
1047 3640 1054 3664 ²
1101 3640 1171 3693 Hiuc

107 3747 110 3752 ·
195 3723 328 3776 Kasterus
355 3724 478 3775 distinxit
499 3725 516 3790 t>
543 3724 633 3782 δόσεις
650 3725 667 3789 ἢ
684 3723 792 3774 πολλῶν
810 3723 961 3792 ἀνθρώπων
982 3722 1024 3789 (ac
1041 3721 1064 3772 ei
1082 3722 1170 3791 scrip-

192 3814 250 3860 tum
282 3814 350 3859 essct
373 3807 456 3868 όνῶν,
482 3807 559 3860 tacite
583 3808 738 3860 mutandum
762 3807 791 3857 in
818 3806 920 3874 αὐτόν)
948 3823 1002 3870 νιν.
1025 3820 1108 3867 otton.
1132 3833 1169 3847 -

194 3910 261 3961 qnae
289 3891 398 3943 Kusteri
419 3891 582 3956 emendatio,
609 3891 672 3944 licet
688 3889 838 3958 ingeniosa,
858 3888 1029 3958 caeteroquin
1046 3906 1100 3941 non
1118 3887 1170 3941 ha-

198 3975 257 4040 het,
284 3992 338 4044 quo
358 3991 412 4026 sese
432 3992 588 4043 magnopere
604 3972 787 4035 commendet,
811 3978 904 4038 utpote
922 3988 988 4039 quae
1006 3971 1039 4022 ab
1057 3973 1172 4024 auctoris

199 4057 297 4108 calam0
314 4057 427 4109 multum
448 4059 558 4110 recedit.
575 4086 611 4100 -
629 4055 684 4110 Sed
700 4055 762 4110 vide
780 4051 950 4121 Interpretes.
987 4055 1028 4126 (2)
1045 4057 1171 4126 Ἐρανιι,

197 4138 360 4205 collationes,
400 4141 481 4210 magis
509 4143 543 4196 ad
567 4142 693 4209 collegia,
718 4155 798 4208 quam
822 4139 855 4190 ad
882 4140 1005 4200 convivia
1032 4141 1174 4194 Homerica

204 4219 334 4295 (ἐράνους)
354 4225 494 4293 pertinent.
