2886 4826
607 472 745 534 -5-

188 655 333 721 tribuens
356 653 591 738 auctoritatem,
620 649 739 718 dicenti
758 649 793 716 in
814 647 896 716 libro
921 649 973 720 lv.
999 649 1039 717 de
1064 651 1154 718 ldor-

190 757 256 824 bis:
278 762 330 824 nal
353 760 438 843 ἐξερᾷ
459 760 512 823 καὶ
534 756 743 842 asportetur,
776 765 806 818 sl
834 755 937 820 vomit
964 767 996 820 et
1017 755 1157 844 salmes·-

191 873 242 928 νον
264 858 320 950 (1).
365 861 481 926 Forsan
510 857 587 924 hino
613 857 837 945 interpretibus
859 857 893 922 in
914 870 1053 924 mentem
1072 861 1157 926 venit

191 967 262 1050 ἰρᾷν
291 965 354 1030 sire
387 968 488 1052 ἰράοοι
517 961 830 1050 significarentur
854 959 915 1024 sire
940 967 1083 1045 κενῶσαι,
1113 965 1158 1032 ita

190 1077 227 1130 ut
257 1066 392 1132 verbum
423 1087 489 1132 non
519 1065 558 1130 oh
595 1067 683 1150 ἔρως,
715 1059 770 1126 set
797 1061 837 1126 ab
861 1065 915 1148 ἔρα
944 1073 1031 1130 tem
1053 1077 1157 1134 ortum

188 1171 346 1235 voluerint
381 1166 446 1258 (2);
474 1167 521 1234 nti
544 1187 638 1254 supra
662 1163 944 1232 animadvertimus.
989 1168 1157 1235 Salmasius

189 1281 297 1336 tamen
319 1271 387 1357 jam
418 1271 628 1336 observaverat
651 1273 778 1338 κενῶσαι
800 1289 866 1333 esse
886 1269 924 1334 ds
945 1291 1004 1336 νοιο
1028 1273 1159 1362 aliquid

191 1375 271 1441 doro
310 1389 342 1442 st
373 1377 493 1466 lorqiri
518 1371 582 1465 (3),
614 1396 678 1440 non
713 1375 784 1440 satis
817 1375 872 1440 ille
909 1377 1157 1446 animadvertens

189 1479 349 1568 quomodo
369 1480 490 1568 antiqui
508 1499 619 1544 vocent
640 1479 865 1566 usurpaverint.
910 1479 1006 1545 llohis
1026 1480 1156 1568 quidem

189 1585 282 1650 laoile
304 1583 373 1649 fieri
397 1606 486 1671 posse
507 1581 647 1668 ridetur,
676 1593 713 1648 ut
732 1585 833 1648 omnis
857 1581 936 1666 haee
961 1585 1157 1674 Etymologia

188 1711 224 1753 er
256 1687 412 1777 Hesychia
446 1686 609 1774 depromta
643 1685 757 1751 frustra
792 1686 931 1774 quaesita
964 1687 1011 1752 sit
1070 1687 1156 1770 Quid

188 1790 288 1865 edim,
322 1790 348 1854 si
374 1813 431 1878 pro
464 1797 571 1858 κενοῦν
599 1791 740 1876 legamus
768 1797 905 1870 κοινοῦν,
927 1790 964 1852 in
985 1811 1156 1858 sommum

188 1893 351 1980 norassms
374 1887 468 1980 quale
491 1889 569 1980 quid
590 1891 623 1956 in
646 1891 734 1957 erani
754 1891 915 1986 notionem
935 1891 1064 1979 cadere,
1081 1917 1155 1966 mox

186 1995 281 2061 verbo
304 1995 467 2062 ostendere
491 1995 639 2062 conabor.

631 2099 659 2188 ς.
683 2101 713 2163 s.

229 2200 279 2267 dd
312 2202 398 2268 eoois
432 2201 693 2291 significationem
732 2197 819 2287 quod
856 2198 982 2284 attinet,
1018 2199 1153 2268 vidimus

185 2306 293 2404 ἴρανορ
328 2305 449 2371 dietum
483 2309 544 2371 ἀπὸ
580 2313 632 2371 τοῦ
669 2301 828 2386 συμφέρειν
861 2299 924 2364 sive
955 2305 1153 2389 οννειςφίρειν

184 2425 214 2474 ts.
228 2433 257 2474 τ.
272 2407 300 2474 λ.
311 2435 322 2489 ;
343 2407 504 2494 praeoedit
523 2409 580 2473 illa
604 2403 791 2492 praepositio
815 2407 886 2483 oda,
909 2413 945 2466 nt
959 2403 1152 2493 intelligatur

185 2507 370 2578 conlerendi
394 2511 475 2575 actio
497 2531 515 2575 a
535 2508 681 2596 pluribus
705 2503 815 2590 simul,
837 2503 915 2588 sive,
937 2504 1025 2592 quod
1047 2507 1151 2595 ajunt,

8 2631 12 2640 ’
68 2695 73 2704 ι
185 2614 224 2677 in
256 2635 424 2678 commune
451 2613 520 2678 fieri
557 2611 660 2693 solita3
688 2631 785 2698 quern
809 2609 992 2676 conferendi
1012 2633 1150 2691 morem,

186 2735 261 2780 curn
291 2716 323 2781 in
354 2737 392 2780 eo
424 2738 519 2782 omne
549 2725 752 2781 consumatur
784 2710 943 2778 scribendi
967 2715 1151 2802 consilium,

183 2817 265 2885 inira
305 2821 398 2886 latius
439 2841 637 2908 exponemus.
676 2819 834 2906 εΐςφέρειν,
870 2817 1002 2884 uerbum
1038 2823 1151 2886 ornaris

181 2923 361 3011 proprium,
384 2925 423 2991 de
449 2926 588 3010 tributis,
617 2945 698 3013 quae
718 2921 861 3010 pendunt
881 2919 1042 3010 homines,
1070 2923 1149 2991 adeo

182 3027 290 3092 tritum
327 3041 389 3115 est,
421 3043 456 3096 ut
488 3029 527 3096 de
559 3030 626 3116 ejus
653 3025 879 3116 significatione
893 3027 952 3090 'rix
976 3028 1031 3113 sit,
1064 3029 1151 3117 quod

82 3135 97 3144 ‘
181 3150 381 3198 moneamus:
412 3131 487 3198 inde
520 3133 619 3198 oritur
644 3134 779 3216 εῖςφορὰ,
808 3128 841 3196 id
866 3129 952 3216 quod
974 3131 1149 3218 eonlertur,

4 3277 9 3286 .
90 3303 103 3322 .
180 3232 379 3318 illationem,
416 3234 592 3318 tributum,
622 3235 817 3321 pensionem
855 3233 1006 3322 appellari
1046 3235 1148 3300 liceat.

181 3332 360 3400 Athenaeus
392 3339 515 3423 ἐράνους
539 3339 664 3424 exponit
687 3341 866 3418 οῒςαγωνάςς
890 3337 956 3422 jam
985 3357 1149 3425 quaeren-

181 3437 258 3504 dum
290 3451 351 3524 est,
385 3439 463 3528 quid
489 3441 527 3505 sit
559 3441 726 3526 εΐςαγονγήΡ
774 3439 860 3506 Nihil
892 3439 994 3526 aliud,
1023 3440 1047 3504 si
1070 3439 1150 3526 quid

179 3542 290 3629 rideo,
313 3543 372 3608 nisi
384 3549 511 3632 εΐςρορά.
540 3545 652 3612 Suidas
664 3547 750 3612 enim
764 3567 874 3612 rocem
888 3548 998 3631 ἔρανον
1016 3542 1147 3610 eandem

209 3831 251 3899 (ll
271 3830 308 3884 V.
336 3829 435 3886 Gatak.
464 3833 483 3886 l.
510 3833 531 3886 l.
563 3853 590 3904 p.
618 3835 680 3888 85l.
709 3841 736 3886 et
764 3849 831 3904 qnos
860 3831 901 3884 ibi
927 3831 992 3885 citat
1023 3839 1151 3888 auctores.

176 3910 219 3982 (ο)
240 3909 276 3964 ν.
294 3911 387 3968 nene.
407 3903 535 3985 luppoer.
553 3917 635 3970 noae
652 3917 689 3982 t.;
716 3899 856 3984 aaron:
873 3913 968 3970 senor.
986 3917 1014 3969 m
1034 3915 1150 3974 sesam.

174 4011 202 4060 p.
231 3993 292 4047 783.
319 3995 448 4050 Dindorl.
479 3999 639 4069 ἐξεράσατε,
670 3998 734 4050 tort
767 3997 818 4048 rori
850 3997 1018 4050 ἔκκενῶσατε
1028 4032 1150 4054 .......

106 4075 112 4085 '
173 4079 325 4144 πεποίηται
357 4077 390 4130 δὲ
421 4081 439 4146 ’l
471 4080 540 4137 λέξις
572 4081 626 4132 ἀπὸ
658 4085 707 4148 τῆς
739 4080 814 4152 iptio,
850 4081 977 4135 τουτέστι
1011 4087 1059 4148 τῆς
1092 4090 1149 4151 γῆς.

178 4157 219 4228 (3)
237 4159 350 4214 Miscett.
370 4161 468 4214 defens.
487 4160 520 4212 C.
539 4163 564 4212 3.
583 4181 609 4230 p.
627 4163 672 4214 6³.
