2904 4826
578 477 789 554 ⁶-1et-

156 699 158 707 ⁴
217 677 325 746 rerba:
354 680 486 760 tratre»
510 672 599 738 οὐδὲν
626 671 805 742 ἀναλίσκων
829 677 952 760 ἔπινον,
981 681 1120 764 ἐμέθυον
1146 689 1182 755 ἐν

215 788 319 868 μύροις
338 784 435 864 ἤμην,
457 778 509 842 καὶ
529 779 648 856 πότοις,
671 778 723 841 καὶ
745 779 896 864 ὀρχήμασί
916 784 968 847 καὶ
988 790 1091 853 πάντα
1105 791 1182 856 ἐπα.

217 884 376 969 νηγύρνζον
400 884 454 946 τὸν
478 884 606 962 ἐμαυτοῦ
627 880 706 966 βίον.
732 881 767 946 οὐ
791 879 853 950 τῶν
876 885 925 951 ἐπ’
947 889 1059 976 ἀγορᾶς
1083 899 1182 978 ἤμην,

216 989 252 1056 οὐ
280 990 342 1052 τῶν
369 983 587 1070 ἐρανιζομένων
599 1030 609 1062 ,
641 983 676 1048 οὐ
700 987 761 1050 τῶν
784 989 834 1052 ἐπὶ
861 992 995 1078 βήματος
1021 1003 1184 1082 πράγματα

216 1064 327 1178 dripere
345 1095 547 1177 παρεχόντων.
568 1123 614 1138 -
635 1087 732 1176 Atqui
753 1089 834 1168 hine
855 1095 943 1160 nulld
965 1099 1086 1166 ratione
1107 1107 1183 1170 cel-

216 1192 281 1281 ligo
315 1213 425 1258 vocem
466 1193 684 1280 ε’ρανιζομένων
721 1192 760 1259 de
794 1199 1050 1271 mendicantibus
1080 1212 1184 1299 accipi

217 1307 381 1382 opertere,
410 1295 464 1360 sed
496 1317 552 1382 per
579 1306 775 1362 contemtum
801 1301 905 1386 potins
931 1327 1099 1377 occurrere
1126 1337 1184 1400 pre

217 1397 272 1482 iia,
295 1398 352 1484 qui
372 1399 432 1484 ipsi
453 1404 576 1484 ἐράνους
594 1411 705 1486 regant
727 1401 820 1488 alies,
842 1404 875 1468 in
897 1407 947 1473 ria
970 1411 1092 1480 obviarn
1114 1418 1187 1484 fac..

217 1513 282 1568 tos:
303 1503 347 1568 ita
369 1505 470 1590 enim,
494 1504 605 1590 credo,
628 1504 810 1591 praedicare
833 1510 975 1579 solebant
996 1517 1035 1603 ii,
1059 1525 1115 1608 qui
1135 1527 1188 1594 ri·
1247 1547 1250 1556 ·

220 1615 284 1670 tam
308 1606 368 1693 ipsi
393 1607 464 1671 satis
485 1608 604 1672 lautam
627 1606 792 1695 degentes,
815 1613 954 1680 amicum
976 1629 1081 1688 tamen
1104 1648 1186 1716 ege-

217 1727 311 1791 num,
334 1711 360 1772 si
383 1709 538 1796 riderent,
561 1721 615 1776 aut
635 1711 845 1799 effugiebant,
868 1729 923 1782 aut
942 1741 1065 1791 mnrese
1088 1753 1187 1798 reeu-

217 1811 335 1878 sabant.
382 1813 453 1897 Quo
475 1813 604 1881 tandem
629 1814 723 1880 mode
748 1815 832 1881 hauc
859 1818 1029 1891 lectionem
1052 1835 1102 1897 ἐπὶ
1125 1843 1187 1906 τῶν

1 1898 2 1970 j
111 1990 112 1995 γ
216 1915 317 1999 ἀργῶν
342 1925 445 2003 tuear,
473 1939 537 1984 non
568 1919 703 1984 invenio.
749 1919 834 2000 Quid
861 1935 965 2007 vetat,
993 1951 1057 2016 quo
1082 1939 1188 2007 minus

218 2019 390 2086 lectionem
410 2023 471 2088 ἀπὸ
493 2027 555 2089 τῶν
581 2023 683 2108 ἀρχῶν
702 2021 909 2110 retineamus,
932 2030 1026 2096 modo
1049 2057 1117 2103 eam
1143 2043 1187 2110 ita

218 2121 481 2208 interpretemur,
514 2135 550 2188 ut
582 2124 620 2188 sit
649 2123 692 2187 ab
722 2125 786 2208 tis,
819 2128 879 2212 qui
911 2135 1008 2196 orani
1036 2153 1187 2210 auctores

220 2236 315 2302 eunt3
348 2245 485 2310 quorum
522 2226 645 2290 scilieet
678 2248 696 2291 e
732 2248 766 2290 re
797 2227 847 2292 illi
880 2235 1078 2318 ἐρανέμπολοι
1102 2243 1187 2316 hene

218 2336 429 2390 mercaturam
460 2327 643 2414 suscipiunt
687 2328 834 2393 Fueritne
860 2331 942 2398 illud
969 2358 1079 2410 eorum
1105 2369 1185 2414 mu.

219 2449 279 2492 nus
307 2427 494 2514 honestum,
526 2451 566 2494 an
601 2429 722 2514 minus,
755 2441 791 2496 ut
815 2453 1016 2526 quaeramus,
1049 2467 1112 2513 nen
1140 2466 1185 2519 est

221 2534 315 2621 hujus
337 2534 401 2599 leci
424 2531 438 2622 (
458 2531 480 2622 ).
558 2605 560 2609 ,
781 2574 787 2586 ·

651 2638 679 2722 §.
705 2640 755 2702 14.

178 2735 187 2788 ἴ
261 2738 314 2802 Illi
336 2739 532 2824 ἐρανέμπολοι
555 2749 660 2804 nestro
684 2741 717 2804 in
740 2761 835 2807 erano
854 2745 986 2813 minime
1005 2766 1078 2820 sunt
1100 2779 1187 2825 con-

219 2837 373 2904 fundendi
397 2863 472 2908 cum
490 2839 752 2928 ipnndppa195'de
772 2843 888 2930 quibus
912 2869 1012 2935 quum
1033 2856 1101 2942 jam
1130 2887 1189 2930 su-

216 2941 335 3027 perinri
364 2945 467 3030 capite
497 2945 682 3030 viderimus,
714 2969 817 3034 pauca
845 2948 979 3022 dicenda
1008 2982 1183 3050 supersunt.

197 3043 425 3132 ΙἘ’ρνινίιρχνχς,
448 3046 474 3110 si
500 3069 631 3110 eranum
657 3048 831 3114 amicorum
853 3067 990 3144 spectes,
1012 3068 1187 3138 recabatur
1219 3051 1222 3070 ¹
1250 3073 1253 3078 ’
1327 3149 1330 3156 ,

219 3146 261 3230 is,
294 3149 355 3236 qui
380 3147 523 3235 stipibus
552 3149 726 3236 crepundia
751 3159 915 3240 praeerat.
970 3162 1023 3228 Sie
1058 3191 1190 3262 qnoquevv

218 3241 328 3314 recem
355 3253 514 3338 accepisse
539 3252 618 3317 mihi
644 3253 778 3319 videtur-
795 3258 941 3346 Hesychii
962 3263 1010 3356 (2)
1034 3269 1188 3363 interpres

121 3421 125 3427 ,
219 3352 367 3441 Diogenis
386 3354 500 3419 Laertii
522 3355 630 3419 locum
652 3358 827 3444 proferens,
851 3361 908 3448 nbi
926 3365 1075 3437 nimirum
1098 3378 1187 3467 legi-

219 3477 305 3521 mus:
327 3459 435 3542 ἔρανόν
455 3482 528 3523 ποτε
550 3463 741 3541 atemptatus,
765 3467 838 3542 πρὸς
856 3468 910 3534 τὸν
932 3472 1099 3562 ἐρανάρχην
1111 3484 1169 3568 ἔφη
1175 3535 1186 3566 ,

220 3565 301 3636 Tarte
323 3560 435 3636 ἄλλους
457 3562 591 3647 ἐράνιζε,
612 3563 673 3628 ἀπὸ
697 3564 725 3630 δ’
747 3563 894 3656 Ἕκτορος
912 3573 992 3661 ἴσχεο
1011 3588 1109 3667 χεῖρας
1129 3585 1186 3676 (3)

220 3665 309 3748 Quae
341 3666 435 3732 rerba
471 3665 576 3730 minus
611 3679 714 3753 recte,
745 3683 779 3736 ut
816 3675 942 3762 opinor,
974 3680 1014 3746 ad
1045 3691 1186 3761 convivia

219 3769 369 3834 solutiora
403 3770 511 3835 retulit
546 3769 755 3856 Spanhemius
785 3773 841 3864 (t).
899 3780 958 3846 tlte
994 3788 1093 3874 enim,
1130 3798 1185 3882 qui
1232 3875 1235 3880 ¹

215 3866 306 3935 hisee
338 3872 485 3936 conviviis
510 3879 672 3958 praeerat,
702 3897 881 3965 eorumque,
904 3895 970 3949 erat
992 3891 1186 3985 moderator,

220 4001 579 4021 M—

251 4059 292 4130 (1)
311 4058 377 4112 viu.
403 4068 489 4114 tamen
511 4045 579 4112 inira
591 4053 623 4129 5.
645 4067 686 4117 15.
725 4067 765 4137 (2)
781 4069 820 4122 ‘In
837 4089 863 4125 v.
881 4074 1023 4147 Ἐράννζε,

1043 4087 1089 4136 sed
1104 4089 1193 4145 minua

1 4157 2 4220 ,
106 4203 108 4206 .
216 4141 284 4194 bene
311 4145 438 4211 expositi.
475 4147 517 4215 (3)
537 4145 604 4200 vid.
631 4149 659 4200 in
686 4148 749 4202 virt
775 4153 901 4225 Diogenis
925 4157 1029 4230 Cynici.
1052 4154 1115 4223 Lib.
1136 4173 1188 4229 VI.
1224 4194 1227 4202 ¹

215 4243 295 4294 segm.
313 4229 367 4293 63,
386 4229 480 4298 ibique
498 4229 561 4300 Aeg.
578 4231 726 4304 Menepp.
738 4238 798 4291 250.
813 4247 840 4293 et
858 4240 1054 4316 Kuhn.p.526.
1091 4256 1131 4327 (t)
1146 4260 1189 4322 Art

215 4309 370 4368 Callimach.
388 4313 416 4366 in
435 4313 532 4386 Hymn.
550 4315 578 4370 in
596 4317 686 4373 Cerer.
705 4339 731 4379 τ.
751 4325 793 4379 73.
