2886 4826
705 497 865 560 ...18-

303 677 464 761 solebant,
505 697 585 763 quae
622 675 659 742 de
694 677 851 764 symbolis
886 687 976 746 vocat
1012 676 1175 746 Terentius
1209 681 1266 774 (1)

305 783 391 846 ilaec
419 801 491 846 sero
514 779 655 845 consina
678 801 799 866 semper
820 777 1077 867 medicamine,
1101 773 1166 848 non
1187 784 1266 852 adeo

306 886 459 952 affirmare
494 884 601 952 ausim.
657 883 694 948 ld
728 883 812 948 enim
847 905 911 970 quo
946 884 1050 950 minus
1085 884 1265 973 credamus,

305 983 380 1056 cuin
418 989 518 1055 obstat
556 986 786 1052 convivantium
823 985 1050 1076 adolescentia,
1087 1001 1157 1057 tum
1190 1013 1264 1058 vero

306 1096 402 1160 etiam
440 1103 564 1178 tempus
601 1111 659 1176 pro
703 1089 830 1163 arbitrio
874 1089 950 1157 huic
988 1092 1128 1159 convivio
1167 1115 1265 1180 prae·

305 1199 456 1262 stitutum.
514 1193 567 1255 Sic
609 1189 692 1276 apud
728 1191 908 1258 Terentium
940 1196 1089 1282 legimus,
1128 1198 1265 1262 servulos

305 1298 457 1386 quosdam
477 1293 597 1360 Simoni
618 1292 684 1356 seni
703 1290 742 1356 de
764 1294 928 1381 Pamphilo
953 1296 1031 1384 quid
1049 1297 1168 1392 sactum
1186 1309 1267 1363 esset

303 1400 425 1488 roganti
455 1392 663 1482 respondisse,
693 1415 725 1460 se
752 1395 851 1482 probe
881 1399 962 1464 scire
988 1401 1059 1488 quis
1083 1383 1265 1489 Chrysidem

303 1500 405 1588 pridie
433 1497 605 1578 habuisset3
637 1495 838 1582 Pamphilum
871 1511 977 1566 autem
1011 1501 1072 1568 hoc
1107 1505 1175 1590 ipso
1213 1503 1264 1570 die

304 1602 382 1668 abbi
401 1600 509 1683 luisse,
529 1609 561 1662 et
578 1618 651 1662 vero
672 1598 844 1686 symbolam
861 1601 902 1668 ad
923 1624 1053 1670 coenam
1070 1604 1190 1672 dedisse
1201 1605 1264 1698 (2):

303 1727 400 1795 quem
428 1714 535 1768 tamen
564 1699 871 1769 adolescentulorum
898 1728 1021 1773 morem
1041 1731 1105 1773 non
1127 1708 1206 1774 adeo
1229 1711 1265 1774 in

302 1810 383 1876 vitiis
409 1807 546 1894 positum
564 1805 684 1891 luisse,
711 1807 777 1893 ipse
805 1829 914 1894 senex,
942 1832 1016 1876 curn
1042 1811 1081 1876 de
1105 1813 1264 1899 Pamphili

301 1911 429 1999 ingenio
466 1907 676 1996 praedicaret,
710 1909 889 1997 indigitasse
923 1915 1003 1980 mihi
1047 1915 1170 1984 ridetur
1205 1918 1263 2010 (3).

304 2014 518 2097 Quamobrem
550 2033 615 2078 non
652 2012 842 2079 crediderim
872 2015 1054 2102 hujusmodi
1087 2021 1264 2086 convivium

303 2116 458 2200 sllonlope
493 2113 610 2180 referre
652 2115 804 2201 speciem,
837 2117 892 2182 sed
925 2118 966 2184 ab
989 2121 1164 2187 Homericis
1193 2125 1263 2192 illis

303 2219 450 2286 oonuriis
470 2228 592 2283 tantum
614 2217 649 2282 in
672 2239 710 2282 eo
728 2216 857 2303 distare,
881 2219 966 2307 quod
986 2219 1040 2287 hio
1061 2225 1150 2288 nullo
1164 2247 1264 2312 pror-

302 2346 353 2390 sus
379 2323 417 2388 de
437 2320 562 2410 negotio
582 2320 677 2392 amici
698 2321 844 2385 nonnulli
865 2323 1085 2388 convenientes
1107 2325 1172 2394 uni
1186 2349 1264 2394 coe-

303 2441 429 2513 narent;
462 2428 509 2494 uti
538 2448 575 2492 ex
605 2425 667 2492 alio
697 2425 833 2490 Terentii
858 2425 929 2491 loco
950 2425 1048 2514 lacile
1067 2427 1172 2496 sidere
1202 2443 1262 2517 est,

236 2517 238 2521 ¹
302 2535 358 2619 qui
381 2533 425 2596 sio
449 2528 613 2594 sehabet:

344 2660 411 2711 Heri
427 2659 531 2727 itiquot
547 2656 741 2708 adulescentuli
758 2656 870 2708 colimus
885 2658 913 2708 in
932 2658 1027 2711 Piraeo

345 2742 380 2792 In
396 2739 468 2792 brino
485 2739 556 2790 diem
572 2745 603 2789 ut
620 2737 653 2788 de
670 2737 799 2805 symbolis
815 2741 938 2792 ememus.
973 2739 1120 2798 Chaeream
1136 2747 1160 2798 el
1177 2747 1217 2800 rei

345 2819 537 2878 Praetecimus:
556 2819 613 2870 dati
629 2818 719 2870 tnuli:
738 2820 831 2887 loono,
851 2824 956 2892 tempus
972 2828 1144 2880 constitutum
1164 2829 1208 2880 ἐὺ.

345 2902 489 2958 Praeteriit
496 2909 612 2970 tempus,
627 2917 682 2971 quo
695 2901 724 2952 ln
737 2901 798 2954 loco
812 2904 913 2958 dietum
925 2907 973 2975 ἐι,
990 2911 1075 2977 parati
1083 2909 1152 2963 nibil
1161 2919 1201 2964 est
1212 2912 1264 2982 (4).

344 3034 427 3100 Hinc
462 3041 590 3117 apparet
621 3031 781 3096 neminem
809 3031 850 3099 ad
876 3033 1056 3120 hujusmodi
1083 3041 1261 3106 convivium

223 3154 225 3158 ’
300 3133 436 3224 potuisse
468 3131 636 3217 accedere,
668 3134 728 3198 nisi
760 3137 816 3222 qui
849 3139 1030 3206 contulisset
1062 3144 1260 3230 symbolam,

303 3249 445 3324 essetque
471 3257 565 3323 porro
598 3237 734 3320 amicus,
771 3241 911 3326 aequalis
937 3240 1128 3332 similisque,
1157 3248 1262 3336 quoad

303 3345 369 3430 ejus
394 3341 463 3408 lieri
486 3353 603 3429 posset,
626 3341 820 3409 conditionis.
865 3346 974 3434 Neque
999 3347 1047 3412 illi
1072 3371 1180 3416 omnes
1207 3365 1263 3418 te—

334 3590 375 3657 (1)
395 3587 532 3640 Pertinent
547 3603 605 3662 ea,·
619 3604 686 3655 quae
704 3584 830 3654 proponit
846 3583 1003 3656 Terentius,
1024 3589 1058 3641 ad
1073 3605 1161 3642 mores
1178 3589 1266 3646 Grae-

299 3690 405 3738 corum;
429 3689 489 3724 nam
514 3671 561 3723 ille
587 3671 727 3736 Comicus,
754 3670 779 3722 si
798 3686 942 3722 sermonem
958 3672 1015 3740 ejus
1031 3674 1162 3742 excipias,
1187 3694 1267 3747 qnam
1376 3715 1379 3722 .

298 3774 360 3811 vere
374 3753 500 3808 Latinum
515 3754 624 3826 ejusque
639 3756 741 3825 linguae
756 3754 890 3822 elegantiis
903 3755 1031 3809 refertum
1045 3757 1266 3826 deprehenderis,

299 3837 376 3904 pinne
394 3835 513 3892 Graecus
529 3844 577 3891 est.
601 3837 672 3889 Hinc
688 3839 746 3906 ejus
763 3836 866 3888 fabulae
883 3837 1010 3891 dicuntur
1022 3843 1167 3908 palliatae5
1185 3861 1267 3913 quum

301 3919 399 3972 Graeci
431 3938 445 3970 a
476 3921 600 3973 Romanis
633 3922 756 3973 dicantur
776 3923 895 3987 palliati.
939 3921 975 3975 V.
1002 3922 1112 3978 Ruunt.
1139 3927 1213 3979 Dict.
1239 3928 1268 3979 in

301 4002 386 4054 Andr.
413 4002 588 4058 didascaliam.
631 4005 672 4073 (2)
692 4001 729 4057 V.
754 4003 840 4056 Andr.
860 4003 883 4055 I.
904 4007 928 4056 l.
946 4006 989 4057 61.
1017 4009 1186 4077 »symbolam
1215 4010 1265 4061 de-

299 4089 357 4150 an,
378 4087 529 4139 coenavtrss’
577 4089 618 4157 (3)
638 4087 745 4140 Terens.
774 4089 858 4142 saar.
884 4089 907 4141 1.
936 4092 960 4142 1.
986 4092 1029 4144 τι.
1074 4095 1115 4163 (r)
1143 4093 1178 4147 v.
1205 4091 1265 4146 Eu-

300 4167 380 4223 nuch.
401 4169 456 4222 111.
475 4171 500 4221 4.
522 4171 595 4222 1-4.
