2886 4826
570 489 753 564 ,-55-

197 683 248 738 tra
267 669 456 752 lleraldum,
488 667 579 753 cujus
603 667 664 732 alia
687 677 877 750 manserat,
910 663 1081 734 defendens
1104 666 1162 760 (1).

200 774 275 864 Sed
294 773 375 840 hanc
407 792 536 860 quoque
566 769 808 857 disputationem
839 772 964 836 missam
996 771 1164 859 facimus,

200 903 301 970 quum
324 879 385 945 hoo
417 876 527 946 dixisse
553 873 702 960 sufficiat,
733 877 827 942 facile
852 877 923 942 fieri
946 877 1100 964 potuisse,
1127 886 1165 940 ut

91 1007 94 1014 ’
198 987 279 1052 nlius
313 984 375 1049 alio
405 980 510 1045 minus
545 978 729 1064 contulerit,
758 977 820 1044 hac
846 977 1043 1065 conditione,
1070 987 1108 1042 ut
1130 975 1166 1042 id

200 1086 287 1175 qnod
325 1082 571 1166 desideraretur,
610 1081 779 1168 suppleret.
836 1080 885 1146 An
920 1091 1027 1146 tamen
1063 1080 1104 1146 nd
1131 1079 1166 1146 id

196 1186 320 1274 jndicio
357 1183 496 1272 potuerit
533 1182 619 1270 cogi,
652 1203 717 1247 non
747 1181 851 1248 habeo
882 1183 969 1272 quod
999 1183 1166 1271 affirmem,

199 1291 386 1378 praesertim
420 1289 446 1354 si
478 1287 614 1374 collegia
641 1287 808 1372 voluptatis
831 1301 926 1354 causa
949 1287 1091 1355 instituta
1110 1299 1167 1354 at-

200 1391 385 1475 tendamus3
416 1402 505 1458 erant
531 1391 748 1456 enimomnes
775 1390 894 1458 sodales
922 1393 1076 1476 laculata,
1110 1393 1167 1482 qni

198 1494 276 1560 inde
313 1494 500 1562 dicebantur
530 1494 701 1580 πληρωταὶ,
734 1492 821 1582 quod
844 1515 901 1582 pro
925 1497 1007 1562 virili
1032 1498 1167 1587 quisque

200 1610 289 1686 parte
313 1621 419 1666 arcam
446 1601 628 1686 compleant
651 1595 707 1688 (2).
753 1598 859 1680 Quare
881 1599 969 1664 aliud
996 1612 1043 1667 eet
1064 1614 1169 1670 nostra

204 1702 238 1766 in
272 1723 307 1766 re
341 1701 513 1789 πληρῶσαι,
550 1700 638 1768 allud
669 1701 894 1788 ἀναπληρῶσαι.
948 1703 1033 1770 Illud
1064 1707 1168 1772 nimi-

201 1825 274 1869 rum
302 1803 340 1868 dc
363 1804 458 1870 virile·
484 1804 635 1892 portione
669 1802 840 1889 accipitur,
869 1801 932 1869 hoc
955 1825 1028 1870 vcro
1054 1806 1092 1872 de
1116 1831 1168 1895 oo,

204 1906 292 1995 quod
310 1905 405 1970 atrata·
421 1907 570 1994 poenicei
590 1905 685 1970 delict.

135 2011 138 2017 “
245 2009 344 2074 Porro
368 2008 574 2073 eranistarum
596 2019 662 2074 erat
682 2008 845 2096 proprium
865 2011 975 2095 ἔρανον
996 2009 1168 2100 πηρῶσαι,

201 2117 409 2193 κατενεγκεῖν,
441 2110 622 2178 ἀποδιδόναι
629 2135 642 2191 ,·
684 2131 766 2196 quae
800 2111 907 2176 omnin
942 2109 982 2177 de
1018 2113 1170 2198 pensione

203 2213 419 2300 accipiuntur:
439 2233 577 2300 namque
597 2209 780 2281 ἀποδιδόναι
799 2235 863 2278 non
885 2225 1006 2280 tanturn
1022 2227 1067 2281 est
1087 2217 1170 2283 red-
1256 2271 1259 2278 .

204 2315 291 2401 dm,
323 2335 432 2380 rerum
464 2313 560 2379 etiam'
588 2313 772 2400 simpliciter
791 2326 982 2402 praestore3
1011 2314 1047 2381 id
1064 2316 1169 2382 nimi-

88 2487 91 2493 ,
203 2440 294 2504 rum,
326 2415 413 2506 quod
446 2417 517 2504 quis
553 2437 589 2481 ex
627 2429 735 2504 pacto,
772 2419 861 2506 quasi
896 2439 965 2484 rein
1000 2418 1168 2508 creditam,

204 2522 348 2588 conferre
368 2531 502 2586 tenetur.
548 2520 601 2584 Sic
627 2519 723 2586 etiam
747 2541 976 2608 nonnunquam
1001 2520 1086 2609 apud
1105 2523 1169 2589 Ia-
1252 2559 1256 2566 =

203 2624 286 2688 tinos
316 2623 447 2688 reddare
480 2623 526 2688 nil
551 2621 639 2688 aliud
663 2634 709 2688 est
733 2625 793 2689 nisi
823 2623 901 2691 dore
920 2623 985 2716 (3),
1009 2627 1057 2692 uti
1081 2638 1168 2693 recte

204 2723 421 2802 animadvertit
444 2724 612 2790 Salmasius
632 2723 697 2815 (l);
715 2732 751 2793 'et
774 2730 945 2795 sexcenties
964 2729 1095 2797 reddere
1111 2753 1169 2819 pro

200 2829 299 2913 dare,
317 2830 442 2917 sacena,
464 2828 541 2892 licet
561 2829 664 2914 prima
686 2831 756 2895 rice
784 2831 818 2896 id
841 2831 911 2917 fiat,
934 2834 1083 2902 occurrit

210 2923 218 2990 ξ
248 2931 418 2998 Solrebant
446 2929 497 2994 rel
531 2929 734 2996 conferebant
763 2933 813 2998 illi
843 2934 996 3022 πληρωταὶ
1019 2945 1171 3024 tanquam

205 3037 359 3121 ἐρανισταὶ
394 3033 579 3121 pensionem
611 3038 805 3123 ἐρανάρχαιι,
839 3038 897 3125 qui
921 3059 1013 3104 arcae
1042 3038 1170 3125 collegii

202 3146 385 3222 praeerant,
412 3136 462 3200 rel
487 3144 569 3200 sorte
594 3131 697 3220 ducti,
726 3137 776 3202 rel
801 3137 956 3204 sodalium
981 3140 1075 3205 electi
1096 3141 1170 3205 sul-

205 3241 328 3328 fragiis,
360 3241 408 3305 uti
442 3251 552 3306 auctor
582 3250 628 3305 est
660 3241 897 3328 Harpocration·
919 3243 954 3307 in
982 3265 1010 3308 v.
1042 3243 1172 3330 Hippos-

206 3345 279 3425 ταί,
309 3342 367 3407 ubi
397 3341 477 3408 haec
501 3341 597 3408 habet
622 3343 786 3432 πληρωταὶ·
815 3345 943 3415 ἐκάλουν
969 3352 1039 3424 τούς
1060 3349 1172 3417 ἀποδι-

235 3593 277 3664 (1)
296 3592 364 3646 Vid.
373 3591 484 3646 Herald.
495 3591 676 3649 Observatum
685 3589 797 3646 Emend.
814 3591 847 3645 C.
858 3593 902 3644 It.
927 3591 971 3644 CI.
983 3591 1126 3648 observat.
1140 3595 1175 3652 ad

199 3675 249 3728 Jns
275 3676 333 3728 aa.
364 3683 391 3728 et
415 3675 493 3730 Rom.
521 3674 575 3729 VI.
600 3678 626 3728 5.
670 3675 712 3744 (2)
733 3673 850 3746 Quinam
875 3673 1000 3727 dieantur
1024 3676 1174 3743 loonrlrte,

197 3761 341 3814 ostendunit
368 3761 527 3829 interpretes
549 3758 583 3811 ad
608 3758 756 3812 Pollucem.
790 3754 1047 3811 vinnandona
1064 3755 1100 3812 L.
1117 3758 1175 3816 111.

193 3862 220 3897 s.
248 3845 292 3897 56.
328 3841 544 3896 Ilemsterhueius
567 3841 602 3895 ad
627 3839 663 3893 L.
683 3837 769 3893 VIII.
789 3853 811 3891 e·
832 3839 893 3890 156.
912 3837 975 3890 add.
1002 3837 1177 3898 Grammtiei

198 3926 238 3978 ibi
255 3925 368 3978 laudati.
411 3925 453 3994 (3)
474 3923 540 3978 Vid.
559 3923 594 3976 fr.
610 3924 654 3975 et.
670 3919 708 3974 D.
730 3920 764 3972 de
781 3919 818 3973 V.
839 3919 869 3973 S.
889 3961 892 3974 .
915 3919 957 3990 (l)
977 3919 1043 3975 vid.
1059 3922 1176 3979 Miscell.

200 4007 300 4061 delens.
328 4007 362 4060 C.
379 4007 405 4060 2.
426 4025 454 4077 p.
474 4007 509 4059 29
531 4012 558 4059 et
576 4007 629 4071 33,
658 4004 706 4057 nbi
731 4003 899 4056 ἀποδιδόναι
920 4002 995 4058 idem
1016 4011 1075 4072 est,
1100 4006 1177 4076 quod

199 4089 398 4152 καταβάλλειν.
435 4087 501 4144 Vid.
521 4089 680 4158 Harpocrrt.
698 4087 727 4140 in
751 4086 879 4152 vocibus,
908 4093 935 4142 et
959 4085 1070 4143 Glosrne
1093 4089 1185 4157 vva.

201 4171 263 4226 add.
279 4170 399 4228 Boeckh.
418 4168 640 4229 Staauhauslsalt.
659 4170 708 4225 der
727 4166 825 4224 Athen.
844 4170 874 4224 P.
896 4166 936 4222 11.
954 4187 982 4240 p.
1001 4170 1062 4225 362.
