2886 4826
706 499 867 566 *³50—

350 683 517 750 Salmasius
537 692 657 765 maron,
677 679 790 768 idque,
813 692 849 746 ut
870 680 1019 768 arbitror,
1041 683 1176 767 rectius,
1197 687 1268 770 ἐρα-

299 793 409 869 seems
442 807 479 852 ex
513 785 760 872 llarpooratione
793 785 1014 871 interpretans,
1049 786 1133 851 illud
1163 791 1271 874 ἐράνοο
1382 828 1387 835 -

300 889 437 976 μετέχων
456 887 550 952 relert
570 885 611 952 ad
627 887 768 974 quemvis
784 888 912 974 collegii
931 888 1053 953 socium
1073 887 1137 978 (l):
1165 894 1273 978 ἔρανος

305 994 392 1058 enim
420 991 483 1058 hoo
515 995 587 1060 loco
617 992 743 1080 proprie
774 992 929 1080 signifieat
956 993 1144 1080 collegium,
1173 1018 1272 1082 quam

306 1097 468 1162 notionem
492 1097 559 1183 janr
584 1116 677 1181 supra
700 1095 881 1173 intulimus,
909 1096 966 1160 ubi
989 1097 1060 1162 roci
1083 1099 1192 1184 ἔρανος
1215 1119 1273 1162 re-

306 1199 439 1286 spondet
467 1205 503 1266 τὸ
534 1203 639 1266 κοινὸν
663 1203 727 1266 τῶν
753 1203 933 1286 deoramus,
966 1199 1010 1264 ita
1037 1211 1074 1264 ut
1105 1201 1212 1286 ἔρανος
1232 1199 1273 1262 sit

309 1306 351 1368 1⁸.
377 1301 516 1368 Collatia
550 1303 762 1390 singulorum,
791 1301 848 1388 qui
871 1301 959 1366 erani
984 1314 1058 1368 sunt
1086 1303 1274 1390 participes,

307 1403 339 1468 lr.
357 1425 384 1468 e.
411 1405 624 1470 eranistarum.
670 1409 700 1471 2.
725 1404 933 1477 Canninium,
956 1405 1043 1492 quod
1067 1407 1107 1471 ab
1126 1407 1166 1470 iis
1186 1409 1274 1472 sole-

306 1507 362 1572 bat
386 1507 468 1572 iniri.
514 1513 544 1574 3.
569 1511 750 1600 Collsqium
769 1510 890 1596 ipsum,
919 1519 1069 1596 tanquam
1092 1521 1158 1576 tota
1178 1533 1274 1576 surn-

306 1629 361 1672 ma
386 1609 519 1676 collecta
544 1611 606 1676 sive
631 1613 755 1680 collata
800 1611 931 1694 Quoties
959 1611 1056 1698 igitur
1083 1633 1142 1678 vox
1173 1619 1276 1702 ἐρανι-

307 1713 379 1791 οτὴς
400 1725 560 1800 occurrat,
589 1737 712 1802 semper
734 1714 774 1781 de
797 1713 932 1801 collegio
949 1709 1165 1782 eranistsmm'
1182 1720 1275 1808 cogi-

307 1823 410 1878 temus
431 1826 567 1902 oportet,
596 1819 644 1882 uti
664 1819 733 1904 jam
761 1815 864 1902 capite
889 1813 1107 1902 antecedenti,
1134 1839 1210 1884 oum
1232 1819 1272 1886 de

306 1915 455 1980 conviviis
478 1937 580 1984 sermo
605 1930 688 2004 erat,
711 1918 846 2006 exposui.

351 2018 392 2081 lli
416 2021 568 2088 eranistae
599 2022 709 2110 quovis
740 2041 847 2086 mense
873 2019 908 2083 in
933 2039 1040 2084 aream
1068 2041 1273 2090 communem

307 2118 424 2185 inferre
455 2122 597 2188 solebant
629 2124 813 2212 pensionem
846 2120 915 2212 (τὴν
938 2126 1053 2210 φορὰν,
1083 2129 1123 2206 ἣν
1149 2130 1276 2196 ἑκάστου
1315 2190 1318 2202 .

306 2227 400 2307 μηνὸς
426 2226 488 2292 i'dss
514 2223 739 2315 masidi-law).
783 2225 858 2290 Erat
881 2225 979 2312 igitur
1010 2231 1163 2313 ἐρανιστὴς
1192 2229 1274 2315 qui-

307 2327 352 2391 vis
377 2329 505 2415 collegii
531 2331 649 2415 socius,
683 2329 775 2414 enjus
800 2327 920 2412 omnia,
944 2347 1026 2414 quae
1051 2329 1185 2416 collegio
1211 2330 1274 2395 sive

306 2431 391 2497 bona
409 2434 471 2498 sive
491 2436 573 2500 mala
588 2433 785 2517 acciderent,
807 2441 896 2496 erant
909 2431 1099 2495 communia.
1145 2433 1275 2519 Quem-3

305 2533 479 2602 admodum
503 2537 600 2624 igitur
625 2539 776 2623 ἐρανισταὶ
797 2547 829 2599 et
851 2539 1003 2602 θιασῶται
1023 2536 1186 2623 synonymi
1208 2535 1274 2600 ha-

307 2638 479 2704 bebantur:
511 2641 555 2704 ita
585 2641 692 2706 omnia
724 2641 853 2706 omnino
877 2661 1031 2726 corpora,
1068 2661 1150 2728 quae
1178 2659 1277 2705 men·-

308 2751 426 2804 struam
447 2741 558 2826 stipem
575 2740 622 2831 (2)
648 2743 832 2828 conferunt,
856 2742 895 2809 ad
916 2745 1121 2810 eranistarum
1143 2746 1279 2833 collegia

307 2841 417 2904 relerri
442 2855 586 2929 possunt3
613 2867 718 2933 neque
740 2845 818 2911 adeo
842 2845 985 2930 interest,
1006 2857 1115 2912 utrum
1137 2851 1275 2933 ἐμπόρων

308 2947 481 3026 κοινωνίαι,
517 2969 557 3011 an
584 2947 663 3012 aliae
691 2947 731 3014 ad
758 2948 841 3014 hano
871 2971 1014 3014 normam
1035 2949 1196 3013 institutae
1217 2969 1276 3012 so-

309 3051 437 3115 cietates
459 3049 527 3115 sint.
573 3051 679 3132 Quare
703 3057 857 3137 ἐρανιοτὴς
880 3075 945 3117 non
969 3052 1029 3116 nisi
1052 3051 1152 3117 activa
1172 3049 1277 3135 signi-

305 3151 453 3222 ficatione
485 3151 621 3241 intelligi
658 3166 798 3242 oportet,
832 3156 909 3221 licet
939 3153 1094 3220 lleraldus
1123 3153 1275 3239 passivam

306 3259 377 3324 roei
400 3255 660 3344 significationem
685 3257 846 3344 tribuerit,
869 3269 906 3323 ut
925 3255 1019 3322 modo
1041 3254 1233 3322 monuimus.

303 3435 668 3457 w

340 3527 381 3597 (1)
402 3525 445 3579 De
471 3524 566 3580 Usuris
591 3522 623 3575 C.
648 3524 674 3574 3.
701 3540 729 3590 p.
755 3522 806 3588 tt,
833 3519 948 3574 Miscell.
968 3519 1068 3572 defens.
1091 3517 1125 3571 C.
1144 3517 1171 3568 2.
1190 3535 1218 3587 p.
1237 3518 1281 3569 31.

306 3611 348 3681 (2)
368 3610 457 3666 Voces
480 3615 561 3679 stipes
585 3617 612 3661 et
634 3612 725 3677 pensae
746 3614 837 3659 nostra
854 3603 886 3658 ¹in
902 3623 932 3658 re
950 3616 1110 3674 synonymae
1127 3609 1200 3667 sunt,
1226 3601 1282 3654 mi-

302 3708 353 3744 nus
377 3703 448 3747 recte
470 3695 551 3764 igitur
575 3693 718 3746 Salmasius
740 3692 769 3743 in
793 3689 909 3743 Miscell.
928 3688 1027 3740 delens.
1047 3685 1079 3738 C.
1096 3686 1123 3737 2.
1139 3704 1168 3754 p.
1186 3687 1218 3738 31
1238 3703 1280 3756 sq.

303 3773 489 3828 animadvertit
502 3777 596 3844 stipem
610 3775 709 3828 inferre
725 3789 779 3824 non
797 3787 851 3824 esse
868 3769 981 3838 collegii.
1018 3767 1073 3822 Sed
1090 3769 1186 3822 merito
1204 3770 1280 3822 illem

304 3863 463 3910 menstruam
490 3857 642 3926 pensionem
664 3856 796 3910 vocabant
819 3857 930 3921 cleptem,
955 3857 985 3902 ut
1002 3851 1065 3903 inde
1084 3851 1153 3934 effici
1170 3858 1277 3919 posset,

305 3939 461 4007 quantulum
477 3940 580 4009 <quovis
603 3958 691 3992 mense
713 3943 779 3990 esser
796 3935 979 3999 inferendum
1003 3933 1033 3985 id
1048 3933 1123 4002 qnod
1136 3935 1190 4002 jam
1201 3933 1279 4008 ,affir-

303 4025 422 4068 maverat
448 4019 591 4074 Salmasius
618 4021 647 4072 in
669 4022 740 4078 libro
768 4018 801 4070 de
825 4014 923 4070 Usuris
946 4013 978 4067 C.
998 4017 1024 4066 3.
1040 4033 1068 4084 p.
1085 4015 1136 4081 118,-
1161 4015 1230 4068 ibid.
1251 4016 1279 4068 in

304 4098 417 4152 Omissis
432 4118 461 4170 p.
478 4105 547 4170 6795
574 4106 645 4157 conf.
671 4106 705 4157 ir.
735 4106 759 4156 l.
782 4118 825 4169 pr.
852 4099 890 4152 D.
916 4097 950 4150 ds
969 4098 1033 4152 coll.
1052 4105 1079 4150 et
1096 4115 1188 4169 corp.;
1214 4099 1275 4152 add.

303 4183 485 4238 Tertullianus
501 4185 530 4238 in
549 4187 689 4254 Apologet.
708 4186 741 4238 C.
758 4180 898 4237 XXXIX.
