2904 4826
593 505 777 566 -125-

199 692 256 756 riis
289 687 385 754 rebus
408 687 443 752 iu
468 685 573 772 specie
603 685 725 752 collatis
755 695 892 770 constat;
924 697 971 752 est
995 687 1091 775 igitur
1117 685 1173 752 illa

201 794 334 862 collatio
358 791 468 856 similis
490 790 626 880 συμβολῇ
646 789 882 856 convinctorum
905 785 962 879 (l).
1001 849 1004 860 ,
1088 881 1091 892 .

244 900 413 964 Praeterea
436 893 478 960 ad
503 899 628 982 ἐράνους
652 893 762 960 relerri
788 902 919 980 possunt
939 892 1072 978 collata,
1092 911 1175 980 quae

203 1026 223 1068 a
246 1003 367 1090 populo
390 1001 524 1086 fiebant,
546 1011 583 1066 ut
601 1001 697 1066 funus
720 997 891 1063 duceretur
912 1017 1040 1082 eorum,
1062 997 1119 1084 qui
1136 995 1177 1062 dc

200 1105 369 1192 republica
398 1106 481 1170 bene
512 1105 645 1170 luissent
674 1103 796 1187 meriti,
836 1101 964 1190 quaudo
997 1103 1176 1192 uuicuique
1236 1123 1241 1136 ·

201 1233 220 1275 e
240 1210 360 1298 populo
383 1209 599 1298 imperabatur
615 1221 772 1298 quantum
792 1209 957 1296 asingulis
978 1219 1058 1274 esset
1077 1227 1178 1295 prae·-

202 1311 366 1394 standum;
389 1310 595 1402 quodquam
623 1313 720 1378 luerit
742 1312 892 1400 exiguum
919 1312 1026 1379 dicere
1051 1313 1101 1380 vir
1122 1318 1178 1378 at-

204 1415 298 1500 tinet,
322 1435 424 1503 quum
452 1437 493 1480 ne
511 1415 716 1503 ⁸pauperibus
748 1415 895 1504 quidem,
929 1416 1015 1506 quod
1043 1417 1179 1484 conier-

205 1530 292 1603 rent,
316 1518 443 1586 deesset.
468 1557 513 1574 --
535 1520 746 1610 Quadranter
766 1543 794 1588 v.
820 1541 864 1610 gr.
891 1545 909 1587 a
933 1522 1065 1611 siugulis
1083 1543 1180 1588 exac-

204 1634 252 1689 tos
284 1626 474 1712 accepimus.
499 1661 545 1678 -
573 1627 647 1692 Erat
675 1623 732 1691 illa
764 1623 893 1690 collatio
922 1625 969 1691 uil
1002 1625 1090 1693 aliud
1118 1627 1179 1692 nisi

204 1730 311 1814 ἔρανος
335 1727 546 1814 Graecorum3
566 1730 603 1795 iu
636 1749 674 1794 eo
696 1739 803 1794 tamen
830 1749 850 1794 e
873 1727 1070 1794 Graecorum
1097 1749 1181 1794 con-

203 1831 327 1898 lerendi
352 1855 442 1900 more
467 1833 626 1922 diversus,
650 1833 737 1923 quod
764 1853 929 1920 nunquam
957 1833 1048 1899 reddi
1076 1855 1180 1921 opor-

206 1945 306 2020 teret,
324 1947 364 2009 ἐι
385 1960 459 2004 uero
484 1961 607 2005 summa
630 1936 802 2004 similitudo
823 1937 885 2022 ipsi
901 1947 968 2002 erat
986 1959 1062 2004 cum
1083 1943 1181 2026 ἐράνῳ

205 2037 239 2101 in
265 2049 319 2122 eo,
343 2037 430 2125 quod
454 2053 534 2106 esset
562 2052 651 2108 actus
676 2061 782 2106 merae
811 2039 1008 2106 liberalitatis
1016 2062 1026 2124 ;
1049 2052 1080 2106 at
1105 2064 1179 2108 vero

205 2137 266 2204 hac
298 2139 332 2206 in
360 2163 395 2206 re
424 2163 489 2208 non
513 2145 574 2208 nisi
599 2141 717 2208 sordidi
744 2141 889 2208 homines
910 2141 1014 2208 officio
1039 2141 1178 2210 dedrant.

206 2239 298 2321 Quae
326 2263 402 2307 cum
423 2243 472 2310 ita¹
492 2267 558 2310 sese
582 2244 738 2320 habeant,
762 2263 855 2308 nemo
885 2244 961 2330 erit,
984 2245 1099 2334 credo,
1121 2251 1180 2336 qui

206 2342 301 2408 focile
326 2345 526 2414 affirmaverit
554 2348 638 2414 hanc
666 2345 869 2412 collationem
896 2344 935 2410 ad
951 2347 1090 2435 publico
1114 2353 1180 2416 trs·-

207 2448 286 2514 buto
311 2451 485 2536 pertiner03
508 2450 673 2517 videbatur
703 2450 789 2514 euim
817 2447 899 2514 illud
926 2451 1025 2538 magis
1049 2450 1179 2518 honoris

207 2571 303 2636 quam
336 2553 487 2639 publicae
512 2553 705 2618 necessitatis
731 2552 831 2639 gratia
857 2552 993 2639 fectum,
1016 2566 1052 2620 ut
1071 2577 1180 2642 popu-

207 2656 255 2719 lus
281 2655 474 2741 ostenderet,
497 2677 561 2744 quo
586 2667 666 2720 esset
691 2656 797 2720 animo
822 2677 897 2743 erga
921 2656 1018 2742 uiros,
1041 2679 1180 2745 quorum

208 2760 393 2832 auctoritate
416 2759 596 2847 respublica
614 2759 748 2825 liberata
770 2769 866 2843 esset,
889 2757 1028 2824 affectus.
1073 2761 1180 2843 Quare

207 2862 373 2950 Dionysius
409 2861 493 2928 hanc
527 2863 729 2928 collationem
759 2873 851 2928 vocat
887 2863 955 2929 κατ’
982 2866 1083 2949 ἄνδρα
1111 2870 1182 2954 ἐρα-

207 2971 333 3049 νισμὸν,
359 2988 454 3054 quam
479 2977 578 3032 stante
602 2965 769 3051 republica
794 2965 829 3030 in
859 2964 1014 3032 honorem
1043 2970 1182 3034 lllenonii

208 3069 366 3157 Agrippae
387 3069 502 3134 saetam
522 3089 587 3132 esse
603 3067 711 3134 docet:
734 3076 908 3155 παρῄνεσαν
923 3071 956 3136 et
970 3076 1013 3156 τῷ
1028 3072 1113 3158 δήμῳ
1126 3079 1182 3156 τὴν

209 3175 352 3260 δαπάνην
366 3177 595 3258 ἀναδέξασθαι,
610 3179 663 3242 καὶ
678 3183 867 3256 συνενεγκεῖν
878 3175 952 3240 καθ’
962 3178 1032 3244 ὅσον
1042 3182 1083 3246 ἂν
1095 3181 1182 3245 αὐτοὶ

208 3281 353 3362 τάξωσιν,
369 3323 460 3346 .....
492 3285 633 3367 φερόντος
661 3283 787 3345 ἑκάστου
810 3281 845 3344 τὸ
867 3277 986 3364 ταχθέν
1008 3275 1065 3367 (2).
1111 3282 1182 3362 Quo

236 3661 277 3730 (1)
298 3661 342 3716 De
369 3680 424 3733 quo
443 3662 624 3716 Romanorum
647 3678 728 3714 erano
748 3660 810 3714 vide
830 3656 1003 3723 salmasium,
1025 3657 1071 3727 (de
1088 3655 1186 3714 Ururis

202 3744 234 3798 C.
256 3748 285 3798 3.’
301 3763 329 3814 p.
348 3747 392 3797 to.
410 3747 483 3816 sqq.)
505 3743 663 3808 docentem,
691 3759 736 3795 sos
753 3740 801 3812 qui
819 3739 886 3810 quid
905 3739 997 3791 adres
1013 3739 1186 3794 alteriusre-

201 3829 332 3899 parandas
350 3831 481 3892 afferant,
507 3845 562 3880 nou
580 3843 683 3894 semper
699 3825 840 3894 pecuniam
856 3823 977 3888 dedisse,
997 3822 1044 3874 scd
1062 3822 1186 3891 plerum-

201 3932 253 3984 que
269 3913 413 3967 contulisse
429 3913 570 3978 mutsriar‚
596 3929 663 3982 quae
682 3908 808 3962 aedificio
825 3907 901 3978 lapso
918 3905 1081 3959 restituendo
1096 3906 1186 3960 inrer-

199 3999 304 4065 virent‚
331 3999 372 4050 uti
393 4015 544 4065 marmora,
574 4001 751 4061 caementum,
778 3995 843 4046 alia.
861 4019 897 4035 -
914 3991 957 4045 Cl.
975 3989 1112 4047 luvenalis
1127 3991 1147 4044 l.
1164 3993 1184 4044 l.

201 4097 240 4134 vs.
258 4081 319 4132 215.
336 4097 413 4148 sqq.;
431 4080 480 4150 qui
496 4097 535 4136 vs.
556 4078 616 4131 216.
636 4077 724 4130 omnia
742 4093 795 4128 uuo
813 4075 920 4140 nomino
939 4077 1068 4142 impensas
1087 4082 1183 4140 vocat,

197 4179 258 4212 cum
277 4180 323 4228 ea,
341 4180 409 4232 quae
428 4163 534 4216 aedium
553 4167 704 4213 structurae
720 4167 806 4213 esseut
822 4159 935 4224 idonee,
955 4165 1011 4211 tum
1022 4176 1066 4225 cat,
1085 4159 1185 4228 quibus

198 4245 275 4298 cedes
293 4253 462 4298 ornarentur.
502 4245 542 4316 (2)
559 4231 629 4298 vid.
648 4263 676 4314 p.
697 4245 773 4298 rtet.
792 4243 870 4298 Tom.
893 4243 933 4296 ll.
952 4241 984 4294 li.
