2886 4826
679 493 841 554 -36-

282 698 372 760 sum,
394 695 471 764 quas
493 675 609 738 vellent
630 675 790 760 pactiones
810 673 906 755 inire,
929 670 1024 737 modo
1050 695 1091 738 ne
1118 673 1248 760 publica

237 814 240 829 ι
284 780 333 843 lex
361 777 511 861 obstaret,
540 799 636 864 quam
661 777 785 842 Solonis
812 777 917 862 legem
940 775 980 840 ad
1002 777 1098 842 rerba
1120 778 1247 844 descri-

283 884 345 970 psit
365 881 478 967 Gajus,
500 880 566 945 Lib.
586 879 638 947 lv.
661 877 702 942 ad
718 879 823 965 legem
842 879 910 944 ΧΠ.
925 879 1131 964 Tabularum,
1154 882 1189 944 in
1211 881 1248 944 ir.

286 987 361 1050 tlt.
384 983 424 1048 de
447 983 519 1048 coll.
543 992 574 1046 et
597 1001 698 1066 corp,
720 980 778 1044 ubi
800 980 948 1067 legimus:

351 1089 454 1156 »Ἐὰν
485 1089 518 1154 δὲ
552 1088 705 1170 opposui
734 1092 892 1172 φράτορες,
919 1091 940 1168 ι)
967 1087 1054 1172 ἱερῶν
1075 1086 1200 1172 ὀργίων,
1229 1090 1251 1168 ri

351 1198 483 1260 »ναῦται
489 1241 500 1272 ,
536 1197 557 1274 ι)
587 1198 731 1270 σοίσσιτοι,
762 1195 783 1271 ἤ
806 1192 966 1271 όμότιιφοι,
995 1196 1017 1272 ἤ
1040 1193 1190 1254 θιασῶται
1197 1195 1250 1271 ,ἤ

352 1299 426 1362 »ἐπί
458 1294 544 1360 λιίοιν
582 1296 746 1378 οἰχόμενοι,
779 1296 800 1372 ἤ
831 1295 873 1365 εἷς
907 1292 1072 1376 ἐμπορίαν,
1100 1292 1134 1371 ό,
1157 1315 1187 1355 τι
1209 1293 1250 1356 ἂν

352 1407 490 1466 »τούτων
520 1396 693 1462 διαθῶντοιι
722 1396 796 1478 πρὸς
822 1391 987 1474 ἀλλήλους,
1022 1399 1123 1478 ιιιίριον
1152 1385 1250 1473 εἶναι,

354 1509 404 1568 »εἰ
422 1509 463 1586 μὴ
484 1490 673 1586 ἀπομοριιίσῃ
694 1499 821 1582 δημόσιοι
842 1493 1031 1582 μράμμοιτοι.”
1053 1492 1203 1588 (1).)

333 1607 416 1670 ilinc
438 1603 531 1668 facile
554 1600 660 1666 ridere
682 1612 742 1676 est,
763 1600 849 1665 varia
866 1599 1038 1684 antiquitus
1059 1598 1152 1662 luisse
1175 1600 1251 1664 col·
1284 1623 1286 1627 ’

293 1709 377 1795 legia
401 1707 505 1790 licita,
539 1704 601 1769 alia
632 1703 694 1768 alio
728 1702 860 1768 consilio
888 1703 1044 1786 instituta,
1081 1719 1162 1790 quae
1187 1703 1256 1766 sin-

291 1813 366 1900 gula
392 1811 481 1899 quasi
512 1808 700 1874 concionem
729 1805 854 1870 efficere
879 1806 946 1892 ipsa
971 1804 1093 1869 Solonis
1120 1806 1170 1870 lex
1195 1805 1253 1872 di-

290 1915 378 1980 sertis
402 1913 504 1980 verbis
528 1912 669 1978 indicare
694 1909 773 1975 mibi
797 1909 935 1976 ridetur:
964 1910 1011 1974 ibi
1039 1912 1125 1977 euim
1150 1911 1254 1979 doce-

290 2027 342 2080 tur
375 2017 449 2082 aliis
478 2016 645 2102 populares
668 2010 732 2103 (2),
762 2013 837 2076 aliis
869 2012 1047 2100 phratores,
1076 2015 1153 2080 aliis
1178 2017 1254 2082 alios

292 2117 402 2182 eadem
427 2119 553 2206 negotia
571 2119 659 2184 licita
684 2116 850 2200 obeuntes,
872 2115 1005 2182 liberem
1027 2119 1150 2205 quidvis
1171 2143 1256 2188 cou-

290 2221 435 2288 trahendi
459 2222 604 2288 habuisse
623 2231 817 2308 potestatem.
862 2219 909 2284 lle
937 2220 1027 2306 cujus
1050 2223 1128 2310 legis
1152 2224 1255 2291 verbis

290 2350 479 2418 germaneue
513 2350 554 2393 an
585 2327 690 2414 spuria
721 2326 783 2391 sint
816 2324 967 2392 disserere
999 2349 1063 2392 non
1090 2339 1136 2392 est
1159 2326 1254 2413 hujus

289 2436 355 2500 loci
377 2431 434 2524 (3).
487 2433 668 2498 insistamus
700 2443 805 2497 tamen
837 2453 1006 2518 parumper
1035 2433 1138 2500 verbis
1170 2435 1255 2519 ἱερῶν

289 2539 399 2624 ὀργίων
422 2543 443 2619 ἤ
468 2541 577 2602 ναῦται
587 2562 599 2615 ,·
630 2555 727 2620 quae,
758 2533 876 2622 quippe
901 2535 1053 2621 impedita
1078 2547 1109 2600 et
1129 2536 1254 2620 vitiosa,

290 2649 327 2702 ut
356 2637 571 2717 restituerent,
606 2635 660 2700 alii
692 2635 754 2698 alia
788 2645 956 2702 tentarunt.
1012 2639 1137 2719 Quibus
1171 2639 1256 2706 baud
1320 2669 1324 2678 ·

292 2739 357 2804 scio
385 2760 425 2803 an
450 2759 500 2802 res
523 2737 658 2802 feliciter
687 2737 880 2803 successerit
925 2738 978 2802 Sic
1011 2739 1066 2804 alii
1096 2745 1183 2828 ἱερῶν
1205 2745 1258 2829 ορ.

294 2847 368 2924 γνῶν
403 2845 513 2925 pectori
539 2839 587 2931 (4)
594 2870 605 2923 ,·
641 2842 694 2908 alii
726 2847 778 2928 ἱερ.
808 2846 873 2930 όρν.
906 2848 1038 2928 μηνυταί
1067 2845 1178 2932 legunt
1199 2844 1213 2934 (
1232 2844 1256 2934 ).

293 2947 365 3028 Quo
396 2944 480 3010 iacto
513 2943 595 3010 illud
628 2951 649 3030 ἤ
678 2951 788 3012 ναῦται
818 2947 911 3033 plane
943 2947 1112 3033 excideret,
1147 2959 1257 3014 contra

294 3071 388 3137 quam
413 3050 463 3115 lex
486 3051 627 3138 requirit.
672 3052 814 3138 Namque
833 3050 1029 3134 Aristoteles,
1054 3050 1092 3114 de
1115 3052 1258 3140 collegiis

293 3153 404 3222 isidem
426 3165 458 3218 et
478 3155 662 3240 corporibus
682 3157 831 3242 loquens,
853 3167 1006 3222 memorat
1028 3177 1154 3244 quoque
1174 3155 1259 3222 πλιο-

293 3267 401 3346 τῆρας,
430 3258 561 3344 ipsaque
587 3278 719 3343 corpora
745 3262 905 3336 κοινωνίας
933 3271 1024 3326 vocat
1048 3256 1105 3348 (6).
1151 3260 1257 3342 Quare

297 3429 655 3450 ...ιιι--ι-ι--ι-ι-

328 3516 369 3584 (l)
390 3513 426 3568 V.
444 3516 524 3568 Petit.
543 3513 562 3565 l.
581 3514 600 3564 l.
627 3513 689 3572 add.
714 3514 835 3568 universe
857 3511 973 3567 Doctiss.
993 3533 1043 3570 van
1058 3513 1219 3568 Wasseuaer
1237 3517 1266 3569 ia

292 3599 406 3652 Dissert.
434 3599 468 3649 ad
494 3596 550 3649 Tit.
576 3597 638 3667 Dig.
664 3598 696 3648 tle
723 3599 788 3650 coll.
816 3605 843 3649 et
867 3615 960 3666 corp,
987 3617 1079 3652 recusa
1103 3601 1131 3654 in
1150 3599 1264 3670 Jurispr.

293 3682 400 3750 antiqua
427 3681 607 3750 Fellenbergii
633 3679 667 3731 T.
696 3681 720 3731 I.
747 3701 774 3747 p.
793 3680 854 3732 402.
880 3699 938 3750 sqq.
983 3681 1024 3750 (2)
1045 3685 1190 3751 Populares
1206 3703 1266 3738 cum

295 3765 355 3815 dico
372 3764 499 3816 assentior
516 3762 660 3826 salmasio,
679 3780 730 3830 pro
749 3765 834 3829 δῆμος
850 3763 946 3831 legenti
965 3765 1049 3830 δημόν
1064 3767 1083 3816 i.
1093 3783 1116 3817 e.
1135 3767 1264 3834 δημόται.

294 3844 361 3896 vid.
385 3842 500 3897 Miscell.
524 3845 621 3898 delens.
648 3843 680 3896 C.
707 3847 733 3896 4.
760 3864 788 3914 p.
807 3848 851 3898 99.
888 3847 929 3915 (3)
949 3845 1014 3900 vid.
1034 3849 1136 3903 Potitus
1154 3851 1188 3902 ad
1204 3847 1264 3901 1.1..

297 3929 355 3980 Art.
375 3929 394 3978 l.
413 3930 433 3979 l.
453 3929 544 3998 ibique
563 3927 772 3999 Wcsselingius3
798 3932 860 3982 add.
885 3931 928 3984 Cl.
948 3931 1049 3986 Klenze
1067 3934 1171 4002 Fragras.
1188 3929 1267 4000 Legis

297 4011 427 4064 Serviliae
444 4014 656 4079 repetundarum.
674 4034 701 4084 p.
717 4018 759 4067 16.
775 4023 832 4067 not.
850 4018 877 4070 9.
924 4017 966 4086 (lt)
986 4016 1053 4069 Vid.
1070 4017 1180 4069 ueruto.
1203 4015 1267 4068 Ob-

293 4103 389 4150 servat.
406 4103 434 4146 et
452 4093 563 4148 Emend.
579 4097 612 4149 C.
628 4097 672 4149 42.
710 4100 750 4167 (5)
771 4099 836 4152 vid.
855 4100 981 4170 Gujacius
1000 4100 1115 4156 ObserV·
1131 4098 1201 4152 Vll.
1220 4101 1264 4151 31.

293 4190 321 4235 ct
338 4179 442 4234 Basilio.
479 4181 519 4249 (ό)
540 4179 604 4235 vid.
624 4181 712 4236 Ethic.
732 4183 816 4238 Vlll.
837 4187 877 4238 ll.
