2904 4826
534 533 540 550 .
656 485 840 547 -126-

263 665 303 734 da
338 687 373 734 ra
406 667 545 732 eoncilia
577 665 704 753 habitu,
734 665 872 754 populus
908 665 942 728 ia
967 675 1108 730 sumtum
1143 687 1223 732 cau-

262 761 390 838 cettffua
411 769 535 836 videtur
558 768 615 861 (l).

305 875 416 963 Neque
441 874 526 940 anim
547 873 582 940 id
605 873 675 938 fieri
696 884 820 940 tautum
839 874 974 959 uolebat,
996 886 1033 940 ut
1056 875 1150 940 funus
1171 896 1226 940 eo—

260 985 349 1062 rum,
371 975 428 1064 qui
442 975 497 1042 ⁸‹ltt
521 977 686 1064 republica
710 976 794 1042 bena
822 978 928 1043 meriti
957 977 1102 1066 fuissent,
1126 978 1227 1043 duca-

260 1091 363 1158 tetur,
385 1101 496 1146 verum
525 1081 620 1146 etiam
647 1081 743 1146 utin
773 1092 933 1148 aeternam
965 1105 1076 1147 eorum
1106 1104 1227 1148 memo-

260 1185 341 1251 riam
369 1193 576 1250 monumenta
605 1193 838 1248 animarentur
866 1195 899 1249 et
928 1195 1047 1250 statuae
1072 1206 1230 1271 poneren-

262 1297 331 1370 tua;
369 1283 410 1350 ad
445 1283 532 1372 quod
564 1285 769 1350 contulerunt
804 1306 881 1350 cum
912 1287 1023 1371 amici,
1060 1298 1129 1352 tum
1159 1308 1231 1352 vem

262 1389 359 1456 etiam
384 1411 494 1456 omnm
518 1389 615 1474 citet,
637 1400 674 1455 ut
698 1399 822 1478 gratum
840 1411 914 1477 arga
934 1388 1100 1458 defunctus
1122 1400 1229 1454 osten-

196 1547 199 1554 .
262 1491 375 1560 derant
396 1493 539 1561 animum
561 1489 619 1582 (2).
916 1486 920 1497 '

305 1595 391 1660 Haec
418 1593 457 1660 de
477 1595 696 1660 Romanorum
718 1595 902 1682 collatione,
926 1607 1081 1684 quatenus
1105 1596 1146 1664 ad
1164 1600 1231 1680 ἔρα.

261 1725 317 1770 νον
348 1697 545 1763 Graecorum
579 1697 719 1784 accedit,
754 1697 839 1764 dicta
871 1710 972 1764 sunta.
1031 1701 1128 1764 Plura
1162 1721 1234 1764 vara

262 1803 303 1872 da
327 1801 480 1870 Romania
505 1801 653 1888 partaqui
678 1823 742 1866 non
769 1803 843 1868 sinit
872 1799 1032 1868 scribendi
1055 1801 1233 1868 consilium.

262 1908 369 1991 Quare
393 1905 428 1970 in
457 1903 545 1970 hisce
568 1903 756 1971 desinamus.

256 2075 633 2098 munna—-

295 2167 336 2237 (l)
355 2166 399 2220 ct.
424 2165 523 2236 Nepot-
546 2165 576 2219 ia
600 2184 627 2223 v.
647 2161 848 2234 Epaminondae
865 2162 897 2217 C.
913 2165 941 2217 3.
979 2161 1020 2234 (2)
1040 2161 1084 2216 Cf.
1103 2159 1186 2216 Saltu.
1204 2160 1240 2215 da

217 2320 221 2332 Ι
259 2251 357 2308 usuri·
374 2251 408 2304 G.
426 2252 452 2304 3.
470 2267 498 2320 p.
517 2250 559 2302 39.
