<?xml version="1.0" encoding="UTF-8"?>
<!DOCTYPE html PUBLIC "-//W3C//DTD XHTML 1.0 Transitional//EN"
    "http://www.w3.org/TR/xhtml1/DTD/xhtml1-transitional.dtd">
<html xmlns="http://www.w3.org/1999/xhtml" xml:lang="en" lang="en">
 <head>
  <title>
</title>
<meta http-equiv="Content-Type" content="text/html;charset=utf-8" />
  <meta name='ocr-system' content='tesseract 3.04.00' />
  <meta name='ocr-capabilities' content='ocr_page ocr_carea ocr_par ocr_line ocrx_word'/>
</head>
<body>
  <div class='ocr_page' id='page_1' title='image "./specimenantiqua00holsgoog_0030.png"; bbox 0 0 2886 4826; ppageno 0'>
   <div class='ocr_carea' id='block_1_1' title="bbox 695 522 869 582">
    <p class='ocr_par' dir='ltr' id='par_1_1' title="bbox 695 522 869 582">
     <span class='ocr_line' id='line_1_1' title="bbox 695 522 869 582; baseline -0.006 -12"><span class='ocrx_word' id='word_1_1' title='bbox 695 522 869 582; x_wconf 80' lang='lat'>-16-</span> 
     </span>
    </p>
   </div>
   <div class='ocr_carea' id='block_1_2' title="bbox 208 701 1340 2539">
    <p class='ocr_par' dir='ltr' id='par_1_2' title="bbox 208 701 1340 2539">
     <span class='ocr_line' id='line_1_2' title="bbox 250 701 1261 791; baseline -0.005 -16"><span class='ocrx_word' id='word_1_2' title='bbox 250 739 254 749; x_wconf 74' lang='lat'><em>=</em></span> <span class='ocrx_word' id='word_1_3' title='bbox 301 709 489 791; x_wconf 74' lang='lat' dir='ltr'>tribuamus,</span> <span class='ocrx_word' id='word_1_4' title='bbox 520 726 584 770; x_wconf 93' lang='lat' dir='ltr'><strong>non</strong></span> <span class='ocrx_word' id='word_1_5' title='bbox 617 705 774 768; x_wconf 90' lang='lat' dir='ltr'><strong>immerito</strong></span> <span class='ocrx_word' id='word_1_6' title='bbox 799 701 927 789; x_wconf 84' lang='lat' dir='ltr'><strong>rogabat</strong></span> <span class='ocrx_word' id='word_1_7' title='bbox 948 703 1082 767; x_wconf 85' lang='lat' dir='ltr'><strong>ttinerra</strong></span> <span class='ocrx_word' id='word_1_8' title='bbox 1110 703 1261 770; x_wconf 86' lang='lat' dir='ltr'><strong>Telema-</strong></span> 
     </span>
     <span class='ocr_line' id='line_1_3' title="bbox 301 801 1340 901; baseline -0.012 -22"><span class='ocrx_word' id='word_1_9' title='bbox 301 813 398 878; x_wconf 84' lang='lat' dir='ltr'>chum</span> <span class='ocrx_word' id='word_1_10' title='bbox 418 809 577 899; x_wconf 89' lang='lat' dir='ltr'><strong>quodnam</strong></span> <span class='ocrx_word' id='word_1_11' title='bbox 603 819 681 872; x_wconf 85' lang='lat' dir='ltr'><strong>esset</strong></span> <span class='ocrx_word' id='word_1_12' title='bbox 709 805 885 870; x_wconf 77' lang='lat' dir='ltr'><strong>convitium</strong></span> <span class='ocrx_word' id='word_1_13' title='bbox 906 801 946 869; x_wconf 89' lang='lat' dir='ltr'><strong>ad</strong></span> <span class='ocrx_word' id='word_1_14' title='bbox 970 803 1057 890; x_wconf 88' lang='lat' dir='ltr'><strong>quod</strong></span> <span class='ocrx_word' id='word_1_15' title='bbox 1078 804 1127 869; x_wconf 91' lang='lat' dir='ltr'><strong>itti</strong></span> <span class='ocrx_word' id='word_1_16' title='bbox 1150 805 1260 870; x_wconf 87' lang='lat' dir='ltr'><strong>Perse·</strong></span> <span class='ocrx_word' id='word_1_17' title='bbox 1335 892 1340 901; x_wconf 30' lang='grc' dir='ltr'>Ι</span> 
     </span>
     <span class='ocr_line' id='line_1_4' title="bbox 300 905 1263 1002; baseline -0.011 -24"><span class='ocrx_word' id='word_1_18' title='bbox 300 916 389 1002; x_wconf 83' lang='grc' dir='ltr'><strong><em>Ιοροο</em></strong></span> <span class='ocrx_word' id='word_1_19' title='bbox 419 912 508 1000; x_wconf 91' lang='lat' dir='ltr'><strong>proci</strong></span> <span class='ocrx_word' id='word_1_20' title='bbox 532 910 763 990; x_wconf 79' lang='lat' dir='ltr'><strong>convenissent3</strong></span> <span class='ocrx_word' id='word_1_21' title='bbox 784 929 849 972; x_wconf 91' lang='lat' dir='ltr'><strong>non</strong></span> <span class='ocrx_word' id='word_1_22' title='bbox 873 907 958 972; x_wconf 88' lang='lat' dir='ltr'><strong>euim</strong></span> <span class='ocrx_word' id='word_1_23' title='bbox 984 905 1065 973; x_wconf 88' lang='lat' dir='ltr'><strong>illud</strong></span> <span class='ocrx_word' id='word_1_24' title='bbox 1098 927 1164 974; x_wconf 90' lang='lat' dir='ltr'><strong>esse</strong></span> <span class='ocrx_word' id='word_1_25' title='bbox 1191 909 1263 995; x_wconf 73' lang='grc' dir='ltr'><strong><em>ἔρα.</em></strong></span> 
     </span>
     <span class='ocr_line' id='line_1_5' title="bbox 298 1011 1262 1100; baseline -0.01 -14"><span class='ocrx_word' id='word_1_26' title='bbox 298 1045 353 1087; x_wconf 88' lang='grc' dir='ltr'><strong>νον</strong></span> <span class='ocrx_word' id='word_1_27' title='bbox 378 1019 448 1083; x_wconf 90' lang='lat' dir='ltr'><strong>satis</strong></span> <span class='ocrx_word' id='word_1_28' title='bbox 469 1017 528 1082; x_wconf 91' lang='lat' dir='ltr'><strong>sibi</strong></span> <span class='ocrx_word' id='word_1_29' title='bbox 552 1011 689 1081; x_wconf 86' lang='lat' dir='ltr'><strong>habebat</strong></span> <span class='ocrx_word' id='word_1_30' title='bbox 718 1031 915 1100; x_wconf 78' lang='lat' dir='ltr'><strong>persuasum3</strong></span> <span class='ocrx_word' id='word_1_31' title='bbox 936 1021 1057 1096; x_wconf 86' lang='lat' dir='ltr'><strong>poterat</strong></span> <span class='ocrx_word' id='word_1_32' title='bbox 1076 1011 1173 1098; x_wconf 81' lang='lat' dir='ltr'><strong>igitur</strong></span> <span class='ocrx_word' id='word_1_33' title='bbox 1196 1032 1262 1076; x_wconf 86' lang='lat' dir='ltr'><strong>esse</strong></span> 
     </span>
     <span class='ocr_line' id='line_1_6' title="bbox 299 1109 1262 1206; baseline -0.01 -20"><span class='ocrx_word' id='word_1_34' title='bbox 299 1123 413 1186; x_wconf 84' lang='lat' dir='ltr'><strong>lautius</strong></span> <span class='ocrx_word' id='word_1_35' title='bbox 450 1130 609 1206; x_wconf 85' lang='lat' dir='ltr'><strong>paratum,</strong></span> <span class='ocrx_word' id='word_1_36' title='bbox 646 1125 741 1203; x_wconf 89' lang='lat' dir='ltr'><strong>qnam</strong></span> <span class='ocrx_word' id='word_1_37' title='bbox 778 1126 814 1178; x_wconf 91' lang='lat' dir='ltr'><strong>ut</strong></span> <span class='ocrx_word' id='word_1_38' title='bbox 853 1134 910 1198; x_wconf 93' lang='lat' dir='ltr'><strong>pro</strong></span> <span class='ocrx_word' id='word_1_39' title='bbox 946 1117 1051 1177; x_wconf 84' lang='lat' dir='ltr'><strong>erano&#39;</strong></span> <span class='ocrx_word' id='word_1_40' title='bbox 1074 1109 1262 1194; x_wconf 84' lang='lat' dir='ltr'><strong>baberetur3</strong></span> 
     </span>
     <span class='ocr_line' id='line_1_7' title="bbox 298 1212 1264 1312; baseline -0.01 -22"><span class='ocrx_word' id='word_1_41' title='bbox 298 1245 396 1312; x_wconf 86' lang='lat' dir='ltr'><strong>quare</strong></span> <span class='ocrx_word' id='word_1_42' title='bbox 417 1224 451 1287; x_wconf 92' lang='lat' dir='ltr'><strong>in</strong></span> <span class='ocrx_word' id='word_1_43' title='bbox 473 1223 570 1287; x_wconf 89' lang='lat' dir='ltr'><strong>altero</strong></span> <span class='ocrx_word' id='word_1_44' title='bbox 593 1216 723 1283; x_wconf 81' lang='lat' dir='ltr'><strong>Homeri</strong></span> <span class='ocrx_word' id='word_1_45' title='bbox 751 1217 822 1280; x_wconf 92' lang='lat' dir='ltr'><strong>loco</strong></span> <span class='ocrx_word' id='word_1_46' title='bbox 845 1212 1094 1300; x_wconf 72' lang='lat' dir='ltr'><strong>distinguebatur</strong></span> <span class='ocrx_word' id='word_1_47' title='bbox 1117 1213 1157 1278; x_wconf 90' lang='lat' dir='ltr'><strong>ab</strong></span> <span class='ocrx_word' id='word_1_48' title='bbox 1181 1213 1264 1280; x_wconf 74' lang='lat' dir='ltr'><strong>etiu-</strong></span> 
     </span>
     <span class='ocr_line' id='line_1_8' title="bbox 298 1313 1264 1412; baseline -0.011 -18"><span class='ocrx_word' id='word_1_49' title='bbox 298 1331 388 1412; x_wconf 84' lang='grc' dir='ltr'><strong><em>πλνης</em></strong></span> <span class='ocrx_word' id='word_1_50' title='bbox 404 1327 582 1410; x_wconf 57' lang='lat' dir='ltr'><strong>creature,</strong></span> <span class='ocrx_word' id='word_1_51' title='bbox 606 1323 679 1407; x_wconf 87' lang='lat' dir='ltr'><strong>ubl,</strong></span> <span class='ocrx_word' id='word_1_52' title='bbox 701 1332 737 1386; x_wconf 88' lang='lat' dir='ltr'><strong>ut</strong></span> <span class='ocrx_word' id='word_1_53' title='bbox 750 1321 792 1384; x_wconf 87' lang='lat' dir='ltr'><strong>ait</strong></span> <span class='ocrx_word' id='word_1_54' title='bbox 803 1317 990 1383; x_wconf 72' lang='lat' dir='ltr'><strong>scholiastes</strong></span> <span class='ocrx_word' id='word_1_55' title='bbox 1000 1313 1064 1406; x_wconf 85' lang='lat' dir='ltr'><strong>(l),</strong></span> <span class='ocrx_word' id='word_1_56' title='bbox 1086 1321 1164 1384; x_wconf 76' lang='lat' dir='ltr'><strong>narsi</strong></span> <span class='ocrx_word' id='word_1_57' title='bbox 1181 1317 1264 1395; x_wconf 70' lang='grc' dir='ltr'><strong><em>εἰλνος</em></strong></span> 
     </span>
     <span class='ocr_line' id='line_1_9' title="bbox 298 1415 1262 1515; baseline -0.009 -20"><span class='ocrx_word' id='word_1_58' title='bbox 298 1434 350 1495; x_wconf 78' lang='lat' dir='ltr'><strong>snt</strong></span> <span class='ocrx_word' id='word_1_59' title='bbox 368 1431 530 1515; x_wconf 81' lang='grc' dir='ltr'><strong><em>συστροφὰς</em></strong></span> <span class='ocrx_word' id='word_1_60' title='bbox 552 1428 745 1513; x_wconf 70' lang='grc' dir='ltr'><strong><em>οὐοχοῦνταιε</em></strong></span> <span class='ocrx_word' id='word_1_61' title='bbox 768 1429 834 1485; x_wconf 88' lang='lat' dir='ltr'><strong>erat</strong></span> <span class='ocrx_word' id='word_1_62' title='bbox 849 1417 950 1502; x_wconf 91' lang='lat' dir='ltr'><strong>enim,</strong></span> <span class='ocrx_word' id='word_1_63' title='bbox 964 1415 1138 1483; x_wconf 88' lang='lat' dir='ltr'><strong>secundum</strong></span> <span class='ocrx_word' id='word_1_64' title='bbox 1153 1419 1262 1486; x_wconf 87' lang='lat' dir='ltr'><strong>Scho-</strong></span> 
     </span>
     <span class='ocr_line' id='line_1_10' title="bbox 299 1511 1262 1614; baseline -0.006 -21"><span class='ocrx_word' id='word_1_65' title='bbox 299 1531 425 1614; x_wconf 84' lang='lat' dir='ltr'><strong>hasten,</strong></span> <span class='ocrx_word' id='word_1_66' title='bbox 454 1528 602 1611; x_wconf 72' lang='lat' dir='ltr'><strong>ailantrp‘</strong></span> <span class='ocrx_word' id='word_1_67' title='bbox 633 1531 654 1610; x_wconf 75' lang='grc' dir='ltr'><em>ἡ</em></span> <span class='ocrx_word' id='word_1_68' title='bbox 680 1524 802 1592; x_wconf 84' lang='grc' dir='ltr'><strong><em>πολλῶν</em></strong></span> <span class='ocrx_word' id='word_1_69' title='bbox 830 1521 939 1607; x_wconf 74' lang='grc' dir='ltr'><em>εὐωχία</em></span> <span class='ocrx_word' id='word_1_70' title='bbox 964 1511 1041 1605; x_wconf 80' lang='grc' dir='ltr'><strong>λνῇ</strong></span> <span class='ocrx_word' id='word_1_71' title='bbox 1067 1525 1147 1589; x_wconf 76' lang='grc' dir='ltr'><strong>κατὰ</strong></span> <span class='ocrx_word' id='word_1_72' title='bbox 1178 1522 1262 1599; x_wconf 66' lang='lat' dir='ltr'><strong>etiae</strong></span> 
     </span>
     <span class='ocr_line' id='line_1_11' title="bbox 299 1619 1263 1719; baseline -0.012 -21"><span class='ocrx_word' id='word_1_73' title='bbox 299 1635 444 1700; x_wconf 77' lang='grc' dir='ltr'><strong><em>πίνουσιν</em></strong></span> <span class='ocrx_word' id='word_1_74' title='bbox 467 1628 514 1719; x_wconf 88' lang='grc'><strong>(2)</strong></span> <span class='ocrx_word' id='word_1_75' title='bbox 538 1633 644 1716; x_wconf 74' lang='grc' dir='ltr'><strong><em>ἔρανος</em></strong></span> <span class='ocrx_word' id='word_1_76' title='bbox 667 1635 686 1710; x_wconf 75' lang='grc' dir='ltr'><strong>ολ</strong></span> <span class='ocrx_word' id='word_1_77' title='bbox 710 1631 742 1694; x_wconf 76' lang='grc' dir='ltr'><strong><em>ἐν</em></strong></span> <span class='ocrx_word' id='word_1_78' title='bbox 763 1629 863 1691; x_wconf 78' lang='grc' dir='ltr'><strong><em>κοινοῦ</em></strong></span> <span class='ocrx_word' id='word_1_79' title='bbox 882 1624 993 1709; x_wconf 76' lang='grc' dir='ltr'><strong><em>εὐωχία</em></strong></span> <span class='ocrx_word' id='word_1_80' title='bbox 1013 1619 1070 1712; x_wconf 84' lang='grc'><strong>(3).</strong></span> <span class='ocrx_word' id='word_1_81' title='bbox 1114 1623 1263 1709; x_wconf 80' lang='lat' dir='ltr'><strong>Respue-</strong></span> 
     </span>
     <span class='ocr_line' id='line_1_12' title="bbox 299 1726 1264 1816; baseline -0.01 -16"><span class='ocrx_word' id='word_1_82' title='bbox 299 1738 413 1800; x_wconf 86' lang='lat' dir='ltr'><strong>bantur</strong></span> <span class='ocrx_word' id='word_1_83' title='bbox 438 1733 588 1798; x_wconf 91' lang='lat' dir='ltr'><strong>nimirum</strong></span> <span class='ocrx_word' id='word_1_84' title='bbox 620 1731 748 1816; x_wconf 82' lang='lat' dir='ltr'><strong>opipara</strong></span> <span class='ocrx_word' id='word_1_85' title='bbox 782 1729 837 1792; x_wconf 89' lang='lat' dir='ltr'><strong>illa</strong></span> <span class='ocrx_word' id='word_1_86' title='bbox 873 1726 1061 1791; x_wconf 82' lang='lat' dir='ltr'><strong>conviviasi</strong></span> <span class='ocrx_word' id='word_1_87' title='bbox 1095 1727 1264 1812; x_wconf 84' lang='lat' dir='ltr'><strong>aprivatis</strong></span> 
     </span>
     <span class='ocr_line' id='line_1_13' title="bbox 298 1827 1265 1918; baseline -0.007 -17"><span class='ocrx_word' id='word_1_88' title='bbox 298 1839 469 1918; x_wconf 90' lang='lat' dir='ltr'><strong>inirentur,</strong></span> <span class='ocrx_word' id='word_1_89' title='bbox 503 1855 578 1899; x_wconf 90' lang='lat' dir='ltr'><strong>cum</strong></span> <span class='ocrx_word' id='word_1_90' title='bbox 604 1841 705 1895; x_wconf 88' lang='lat' dir='ltr'><strong>essent</strong></span> <span class='ocrx_word' id='word_1_91' title='bbox 725 1829 909 1916; x_wconf 86' lang='lat' dir='ltr'><strong>praesertim</strong></span> <span class='ocrx_word' id='word_1_92' title='bbox 933 1829 1036 1916; x_wconf 79' lang='lat' dir='ltr'><strong>regia,</strong></span> <span class='ocrx_word' id='word_1_93' title='bbox 1057 1827 1116 1894; x_wconf 75' lang='lat' dir='ltr'><strong>utri</strong></span> <span class='ocrx_word' id='word_1_94' title='bbox 1138 1828 1265 1894; x_wconf 86' lang='lat' dir='ltr'><strong>nihilo-</strong></span> 
     </span>
     <span class='ocr_line' id='line_1_14' title="bbox 300 1929 1263 2026; baseline -0.012 -21"><span class='ocrx_word' id='word_1_95' title='bbox 300 1942 419 2023; x_wconf 87' lang='lat' dir='ltr'><strong>minus,</strong></span> <span class='ocrx_word' id='word_1_96' title='bbox 453 1939 477 2002; x_wconf 88' lang='lat' dir='ltr'><strong>si</strong></span> <span class='ocrx_word' id='word_1_97' title='bbox 508 1936 756 2008; x_wconf 78' lang='lat' dir='ltr'><strong>celebrarentur,</strong></span> <span class='ocrx_word' id='word_1_98' title='bbox 779 1931 891 2018; x_wconf 82' lang='lat' dir='ltr'><strong>privati</strong></span> <span class='ocrx_word' id='word_1_99' title='bbox 915 1929 1184 2026; x_wconf 73' lang='lat' dir='ltr'><strong>convocabantur,</strong></span> <span class='ocrx_word' id='word_1_100' title='bbox 1206 1932 1263 2017; x_wconf 89' lang='lat' dir='ltr'><strong>qui</strong></span> 
     </span>
     <span class='ocr_line' id='line_1_15' title="bbox 300 2033 1264 2122; baseline -0.011 -15"><span class='ocrx_word' id='word_1_101' title='bbox 300 2041 463 2108; x_wconf 77' lang='lat' dir='ltr'><strong>saliaribus</strong></span> <span class='ocrx_word' id='word_1_102' title='bbox 487 2036 723 2122; x_wconf 75' lang='lat' dir='ltr'><strong>excipiebantur</strong></span> <span class='ocrx_word' id='word_1_103' title='bbox 745 2033 893 2120; x_wconf 86' lang='lat' dir='ltr'><strong>dapibus,</strong></span> <span class='ocrx_word' id='word_1_104' title='bbox 915 2033 960 2098; x_wconf 85' lang='lat' dir='ltr'><strong>ita</strong></span> <span class='ocrx_word' id='word_1_105' title='bbox 982 2043 1019 2098; x_wconf 92' lang='lat' dir='ltr'><strong>ut</strong></span> <span class='ocrx_word' id='word_1_106' title='bbox 1040 2034 1158 2119; x_wconf 88' lang='lat' dir='ltr'><strong>pocula</strong></span> <span class='ocrx_word' id='word_1_107' title='bbox 1181 2033 1264 2098; x_wconf 88' lang='lat' dir='ltr'><strong>inter</strong></span> 
     </span>
     <span class='ocr_line' id='line_1_16' title="bbox 299 2135 1265 2227; baseline -0.011 -16"><span class='ocrx_word' id='word_1_108' title='bbox 299 2144 475 2210; x_wconf 91' lang='lat' dir='ltr'><strong>bibendum</strong></span> <span class='ocrx_word' id='word_1_109' title='bbox 497 2161 619 2227; x_wconf 84' lang='lat' dir='ltr'><strong>semper</strong></span> <span class='ocrx_word' id='word_1_110' title='bbox 643 2150 806 2204; x_wconf 84' lang='lat' dir='ltr'><strong>manerent</strong></span> <span class='ocrx_word' id='word_1_111' title='bbox 831 2149 994 2222; x_wconf 65' lang='lat' dir='ltr'><strong>coronam</strong></span> <span class='ocrx_word' id='word_1_112' title='bbox 1017 2158 1107 2202; x_wconf 88' lang='lat' dir='ltr'><strong>secus</strong></span> <span class='ocrx_word' id='word_1_113' title='bbox 1130 2157 1167 2202; x_wconf 86' lang='lat' dir='ltr'><strong>ac</strong></span> <span class='ocrx_word' id='word_1_114' title='bbox 1193 2135 1265 2202; x_wconf 87' lang='lat' dir='ltr'><strong>fieri</strong></span> 
     </span>
     <span class='ocr_line' id='line_1_17' title="bbox 300 2242 1266 2330; baseline -0.005 -17"><span class='ocrx_word' id='word_1_115' title='bbox 300 2248 419 2314; x_wconf 83' lang='lat' dir='ltr'><strong>solebat</strong></span> <span class='ocrx_word' id='word_1_116' title='bbox 439 2248 473 2311; x_wconf 93' lang='lat' dir='ltr'><strong>in</strong></span> <span class='ocrx_word' id='word_1_117' title='bbox 496 2249 627 2330; x_wconf 79' lang='grc' dir='ltr'><strong><em>ἐράνοις,</em></strong></span> <span class='ocrx_word' id='word_1_118' title='bbox 650 2242 708 2308; x_wconf 89' lang='lat' dir='ltr'><strong>ubi</strong></span> <span class='ocrx_word' id='word_1_119' title='bbox 739 2243 913 2308; x_wconf 76' lang='lat' dir='ltr'><strong>convivasse</strong></span> <span class='ocrx_word' id='word_1_120' title='bbox 942 2244 1059 2310; x_wconf 88' lang='lat' dir='ltr'><strong>amices</strong></span> <span class='ocrx_word' id='word_1_121' title='bbox 1087 2253 1266 2308; x_wconf 66' lang='lat' dir='ltr'><strong>constater</strong></span> 
     </span>
     <span class='ocr_line' id='line_1_18' title="bbox 299 2343 1264 2433; baseline -0.01 -17"><span class='ocrx_word' id='word_1_122' title='bbox 299 2353 394 2418; x_wconf 87' lang='lat' dir='ltr'><strong>rebus</strong></span> <span class='ocrx_word' id='word_1_123' title='bbox 419 2349 553 2430; x_wconf 79' lang='lat' dir='ltr'><strong>collatis3</strong></span> <span class='ocrx_word' id='word_1_124' title='bbox 590 2355 656 2412; x_wconf 87' lang='lat' dir='ltr'><strong>erat</strong></span> <span class='ocrx_word' id='word_1_125' title='bbox 694 2345 790 2433; x_wconf 83' lang='lat' dir='ltr'><strong>igitur</strong></span> <span class='ocrx_word' id='word_1_126' title='bbox 823 2348 930 2433; x_wconf 69' lang='lat' dir='ltr'><strong>deunce</strong></span> <span class='ocrx_word' id='word_1_127' title='bbox 964 2344 1142 2410; x_wconf 79' lang='lat' dir='ltr'><strong>convivium</strong></span> <span class='ocrx_word' id='word_1_128' title='bbox 1171 2343 1264 2428; x_wconf 88' lang='lat' dir='ltr'><strong>ejus·-</strong></span> 
     </span>
     <span class='ocr_line' id='line_1_19' title="bbox 208 2444 1263 2539; baseline -0.008 -21"><span class='ocrx_word' id='word_1_129' title='bbox 208 2485 211 2490; x_wconf 88' lang='lat'><em>·</em></span> <span class='ocrx_word' id='word_1_130' title='bbox 301 2453 404 2536; x_wconf 90' lang='lat' dir='ltr'><strong>modi,</strong></span> <span class='ocrx_word' id='word_1_131' title='bbox 431 2451 526 2539; x_wconf 90' lang='lat' dir='ltr'><strong>quale</strong></span> <span class='ocrx_word' id='word_1_132' title='bbox 554 2454 587 2516; x_wconf 77' lang='grc' dir='ltr'><strong><em>ἐν</em></strong></span> <span class='ocrx_word' id='word_1_133' title='bbox 615 2453 716 2517; x_wconf 79' lang='grc' dir='ltr'><strong><em>κοινοῦ</em></strong></span> <span class='ocrx_word' id='word_1_134' title='bbox 740 2458 830 2512; x_wconf 84' lang='lat' dir='ltr'><strong>vocat</strong></span> <span class='ocrx_word' id='word_1_135' title='bbox 854 2445 1022 2532; x_wconf 87' lang='lat' dir='ltr'><strong>Hesiodus,</strong></span> <span class='ocrx_word' id='word_1_136' title='bbox 1045 2467 1145 2535; x_wconf 91' lang='lat' dir='ltr'><strong>quum</strong></span> <span class='ocrx_word' id='word_1_137' title='bbox 1171 2444 1263 2512; x_wconf 89' lang='lat' dir='ltr'><strong>dicit:</strong></span> 
     </span>
    </p>
   </div>
   <div class='ocr_carea' id='block_1_3' title="bbox 391 2560 1249 2721">
    <p class='ocr_par' dir='ltr' id='par_1_3' title="bbox 391 2560 1249 2721">
     <span class='ocr_line' id='line_1_20' title="bbox 392 2560 1094 2638; baseline -0.007 -12"><span class='ocrx_word' id='word_1_138' title='bbox 392 2573 476 2638; x_wconf 75' lang='lat' dir='ltr'><strong>Mp&#39;ds</strong></span> <span class='ocrx_word' id='word_1_139' title='bbox 493 2571 654 2629; x_wconf 67' lang='grc' dir='ltr'><strong>πολυξείνου</strong></span> <span class='ocrx_word' id='word_1_140' title='bbox 672 2571 768 2628; x_wconf 73' lang='grc' dir='ltr'><strong><em>δαιτὸς</em></strong></span> <span class='ocrx_word' id='word_1_141' title='bbox 785 2568 974 2632; x_wconf 68' lang='lat' dir='ltr'><strong>dunolmiae</strong></span> <span class='ocrx_word' id='word_1_142' title='bbox 991 2561 1063 2623; x_wconf 63' lang='lat' dir='ltr'><strong>ets«.</strong></span> <span class='ocrx_word' id='word_1_143' title='bbox 1090 2560 1094 2568; x_wconf 74' lang='grc'><strong>’</strong></span> 
     </span>
     <span class='ocr_line' id='line_1_21' title="bbox 391 2651 1249 2721; baseline 0 -19"><span class='ocrx_word' id='word_1_144' title='bbox 391 2653 442 2703; x_wconf 80' lang='grc' dir='ltr'><strong><em>Ἐν</em></strong></span> <span class='ocrx_word' id='word_1_145' title='bbox 461 2653 561 2702; x_wconf 72' lang='lat' dir='ltr'><strong>seusei·</strong></span> <span class='ocrx_word' id='word_1_146' title='bbox 579 2651 696 2717; x_wconf 71' lang='lat' dir='ltr'><strong>ertatorq</strong></span> <span class='ocrx_word' id='word_1_147' title='bbox 714 2652 747 2702; x_wconf 73' lang='lat' dir='ltr'><strong>dt</strong></span> <span class='ocrx_word' id='word_1_148' title='bbox 764 2652 859 2721; x_wconf 73' lang='grc' dir='ltr'><strong><em>χόρος,</em></strong></span> <span class='ocrx_word' id='word_1_149' title='bbox 878 2652 990 2720; x_wconf 68' lang='grc' dir='ltr'><strong><em>δαπάνη</em></strong></span> <span class='ocrx_word' id='word_1_150' title='bbox 1007 2652 1036 2703; x_wconf 75' lang='grc' dir='ltr'><strong>δ’</strong></span> <span class='ocrx_word' id='word_1_151' title='bbox 1054 2651 1177 2718; x_wconf 73' lang='grc' dir='ltr'><strong><em>λλνγλοτη</em></strong></span> <span class='ocrx_word' id='word_1_152' title='bbox 1197 2651 1249 2720; x_wconf 75' lang='lat' dir='ltr'><strong>(t).</strong></span> 
     </span>
    </p>
   </div>
   <div class='ocr_carea' id='block_1_4' title="bbox 303 2747 1265 3045">
    <p class='ocr_par' dir='ltr' id='par_1_4' title="bbox 303 2747 1265 3045">
     <span class='ocr_line' id='line_1_22' title="bbox 346 2747 1264 2848; baseline -0.007 -31"><span class='ocrx_word' id='word_1_153' title='bbox 346 2754 428 2817; x_wconf 89' lang='lat' dir='ltr'><strong>Hinc</strong></span> <span class='ocrx_word' id='word_1_154' title='bbox 453 2760 581 2848; x_wconf 89' lang='lat' dir='ltr'><strong>apparet</strong></span> <span class='ocrx_word' id='word_1_155' title='bbox 605 2747 685 2814; x_wconf 87' lang='lat' dir='ltr'><strong>haec</strong></span> <span class='ocrx_word' id='word_1_156' title='bbox 706 2751 846 2814; x_wconf 77' lang='lat' dir='ltr'><strong>convivia</strong></span> <span class='ocrx_word' id='word_1_157' title='bbox 866 2753 1039 2837; x_wconf 90' lang='lat' dir='ltr'><strong>plurimum</strong></span> <span class='ocrx_word' id='word_1_158' title='bbox 1060 2751 1170 2816; x_wconf 87' lang='lat' dir='ltr'><strong>allerre</strong></span> <span class='ocrx_word' id='word_1_159' title='bbox 1185 2773 1264 2836; x_wconf 75' lang='lat' dir='ltr'><strong>gra.-</strong></span> 
     </span>
     <span class='ocr_line' id='line_1_23' title="bbox 304 2852 1264 2941; baseline -0.007 -18"><span class='ocrx_word' id='word_1_160' title='bbox 304 2860 381 2940; x_wconf 87' lang='lat' dir='ltr'><strong>tiae,</strong></span> <span class='ocrx_word' id='word_1_161' title='bbox 405 2853 634 2938; x_wconf 88' lang='lat' dir='ltr'><strong>minimumque</strong></span> <span class='ocrx_word' id='word_1_162' title='bbox 657 2859 776 2931; x_wconf 80' lang='lat' dir='ltr'><strong>sumtus</strong></span> <span class='ocrx_word' id='word_1_163' title='bbox 799 2854 977 2940; x_wconf 83' lang='lat' dir='ltr'><strong>requirere:</strong></span> <span class='ocrx_word' id='word_1_164' title='bbox 1006 2852 1047 2919; x_wconf 87' lang='lat' dir='ltr'><strong>ad</strong></span> <span class='ocrx_word' id='word_1_165' title='bbox 1070 2875 1167 2941; x_wconf 77' lang='lat' dir='ltr'><strong>quem</strong></span> <span class='ocrx_word' id='word_1_166' title='bbox 1192 2853 1264 2916; x_wconf 90' lang='lat' dir='ltr'><strong>He-</strong></span> 
     </span>
     <span class='ocr_line' id='line_1_24' title="bbox 303 2954 1265 3045; baseline -0.002 -22"><span class='ocrx_word' id='word_1_167' title='bbox 303 2957 384 3023; x_wconf 91' lang='lat' dir='ltr'><strong>siodi</strong></span> <span class='ocrx_word' id='word_1_168' title='bbox 398 2959 504 3022; x_wconf 91' lang='lat' dir='ltr'><strong>locum</strong></span> <span class='ocrx_word' id='word_1_169' title='bbox 526 2954 713 3020; x_wconf 87' lang='lat' dir='ltr'><strong>Scholiastes</strong></span> <span class='ocrx_word' id='word_1_170' title='bbox 731 2955 879 3041; x_wconf 81' lang='lat' dir='ltr'><strong>respexit,</strong></span> <span class='ocrx_word' id='word_1_171' title='bbox 901 2957 1019 3044; x_wconf 90' lang='lat' dir='ltr'><strong>quippe</strong></span> <span class='ocrx_word' id='word_1_172' title='bbox 1034 2977 1097 3045; x_wconf 89' lang='lat' dir='ltr'><strong>quc</strong></span> <span class='ocrx_word' id='word_1_173' title='bbox 1112 2956 1265 3024; x_wconf 86' lang='lat' dir='ltr'><strong>Hesiodus</strong></span> 
     </span>
    </p>
   </div>
   <div class='ocr_carea' id='block_1_5' title="bbox 298 3138 1301 4376">
    <p class='ocr_par' dir='ltr' id='par_1_5' title="bbox 298 3138 1301 4376">
     <span class='ocr_line' id='line_1_25' title="bbox 335 3138 1270 3214; baseline -0.004 -18"><span class='ocrx_word' id='word_1_174' title='bbox 335 3146 376 3214; x_wconf 72' lang='lat'><strong>(1)</strong></span> <span class='ocrx_word' id='word_1_175' title='bbox 396 3142 433 3197; x_wconf 87' lang='lat' dir='ltr'><strong>V.</strong></span> <span class='ocrx_word' id='word_1_176' title='bbox 450 3140 558 3196; x_wconf 81' lang='lat' dir='ltr'><strong>Scholia</strong></span> <span class='ocrx_word' id='word_1_177' title='bbox 577 3142 659 3210; x_wconf 81' lang='lat' dir='ltr'><strong>antiq.</strong></span> <span class='ocrx_word' id='word_1_178' title='bbox 674 3140 703 3192; x_wconf 87' lang='lat' dir='ltr'><strong>iu</strong></span> <span class='ocrx_word' id='word_1_179' title='bbox 720 3139 800 3194; x_wconf 86' lang='lat' dir='ltr'><strong>Hom.</strong></span> <span class='ocrx_word' id='word_1_180' title='bbox 819 3138 875 3194; x_wconf 91' lang='lat' dir='ltr'><strong>Od.</strong></span> <span class='ocrx_word' id='word_1_181' title='bbox 894 3140 929 3194; x_wconf 73' lang='lat' dir='ltr'><strong>A.</strong></span> <span class='ocrx_word' id='word_1_182' title='bbox 946 3139 1007 3194; x_wconf 89' lang='grc'><strong>226.</strong></span> <span class='ocrx_word' id='word_1_183' title='bbox 1024 3140 1057 3196; x_wconf 83' lang='lat' dir='ltr'><strong>sb</strong></span> <span class='ocrx_word' id='word_1_184' title='bbox 1076 3140 1181 3209; x_wconf 80' lang='lat' dir='ltr'><strong>Angelo</strong></span> <span class='ocrx_word' id='word_1_185' title='bbox 1196 3139 1270 3208; x_wconf 78' lang='lat' dir='ltr'><strong>Majo</strong></span> 
     </span>
     <span class='ocr_line' id='line_1_26' title="bbox 299 3221 1270 3293; baseline -0.003 -16"><span class='ocrx_word' id='word_1_186' title='bbox 299 3227 404 3279; x_wconf 79' lang='lat' dir='ltr'><strong>auctius</strong></span> <span class='ocrx_word' id='word_1_187' title='bbox 411 3232 438 3278; x_wconf 88' lang='lat' dir='ltr'><strong>et</strong></span> <span class='ocrx_word' id='word_1_188' title='bbox 446 3224 607 3277; x_wconf 85' lang='lat' dir='ltr'><strong>emendatius</strong></span> <span class='ocrx_word' id='word_1_189' title='bbox 615 3224 694 3276; x_wconf 89' lang='lat' dir='ltr'><strong>edita.</strong></span> <span class='ocrx_word' id='word_1_190' title='bbox 721 3223 762 3293; x_wconf 86' lang='grc'><strong>(2)</strong></span> <span class='ocrx_word' id='word_1_191' title='bbox 781 3223 862 3276; x_wconf 85' lang='lat' dir='ltr'><strong>Recte</strong></span> <span class='ocrx_word' id='word_1_192' title='bbox 872 3221 1021 3276; x_wconf 78' lang='lat' dir='ltr'><strong>Athenaeus</strong></span> <span class='ocrx_word' id='word_1_193' title='bbox 1031 3223 1064 3276; x_wconf 86' lang='lat'><strong>1..</strong></span> <span class='ocrx_word' id='word_1_194' title='bbox 1074 3223 1160 3277; x_wconf 88' lang='lat' dir='ltr'><strong>vltt.</strong></span> <span class='ocrx_word' id='word_1_195' title='bbox 1170 3243 1198 3292; x_wconf 89' lang='lat' dir='ltr'><strong>p.</strong></span> <span class='ocrx_word' id='word_1_196' title='bbox 1208 3225 1270 3277; x_wconf 82' lang='grc'><strong>362.</strong></span> 
     </span>
     <span class='ocr_line' id='line_1_27' title="bbox 301 3304 1271 3380; baseline 0.001 -21"><span class='ocrx_word' id='word_1_197' title='bbox 301 3307 349 3374; x_wconf 87' lang='grc' dir='ltr'><strong>Ε.,</strong></span> <span class='ocrx_word' id='word_1_198' title='bbox 361 3308 506 3365; x_wconf 76' lang='grc' dir='ltr'><strong><em>ελλαπλνος</em></strong></span> <span class='ocrx_word' id='word_1_199' title='bbox 521 3323 628 3378; x_wconf 88' lang='lat' dir='ltr'><strong>quoque</strong></span> <span class='ocrx_word' id='word_1_200' title='bbox 646 3306 680 3357; x_wconf 82' lang='lat' dir='ltr'><strong>ad</strong></span> <span class='ocrx_word' id='word_1_201' title='bbox 696 3304 824 3359; x_wconf 80' lang='lat' dir='ltr'><strong>sacrificia</strong></span> <span class='ocrx_word' id='word_1_202' title='bbox 840 3308 939 3380; x_wconf 83' lang='lat' dir='ltr'><strong>refert,</strong></span> <span class='ocrx_word' id='word_1_203' title='bbox 958 3325 1018 3360; x_wconf 85' lang='lat' dir='ltr'><strong>enm</strong></span> <span class='ocrx_word' id='word_1_204' title='bbox 1029 3308 1101 3361; x_wconf 85' lang='lat' dir='ltr'><strong>dicat</strong></span> <span class='ocrx_word' id='word_1_205' title='bbox 1113 3309 1162 3368; x_wconf 78' lang='grc' dir='ltr'><strong>τὰς</strong></span> <span class='ocrx_word' id='word_1_206' title='bbox 1170 3311 1271 3367; x_wconf 78' lang='grc' dir='ltr'><strong><em>θυολνς</em></strong></span> 
     </span>
     <span class='ocr_line' id='line_1_28' title="bbox 300 3389 1270 3461; baseline -0.005 -16"><span class='ocrx_word' id='word_1_207' title='bbox 300 3395 349 3444; x_wconf 77' lang='lat' dir='ltr'><strong>sot</strong></span> <span class='ocrx_word' id='word_1_208' title='bbox 374 3395 422 3450; x_wconf 80' lang='grc' dir='ltr'><strong>τὰς</strong></span> <span class='ocrx_word' id='word_1_209' title='bbox 447 3390 638 3461; x_wconf 71' lang='grc' dir='ltr'><strong><em>λαμπροτέρας</em></strong></span> <span class='ocrx_word' id='word_1_210' title='bbox 654 3391 828 3460; x_wconf 71' lang='grc' dir='ltr'><strong><em>παρασκευὰς</em></strong></span> <span class='ocrx_word' id='word_1_211' title='bbox 846 3389 958 3442; x_wconf 75' lang='grc' dir='ltr'><strong><em>ἐκάλουν</em></strong></span> <span class='ocrx_word' id='word_1_212' title='bbox 978 3389 1004 3440; x_wconf 80' lang='grc' dir='ltr'><strong>οἷ</strong></span> <span class='ocrx_word' id='word_1_213' title='bbox 1023 3389 1139 3442; x_wconf 75' lang='lat' dir='ltr'><strong>scateret</strong></span> <span class='ocrx_word' id='word_1_214' title='bbox 1158 3390 1270 3443; x_wconf 79' lang='grc' dir='ltr'><strong><em>ολλαπλ-</em></strong></span> 
     </span>
     <span class='ocr_line' id='line_1_29' title="bbox 299 3471 1270 3542; baseline -0.004 -15"><span class='ocrx_word' id='word_1_215' title='bbox 299 3494 356 3535; x_wconf 83' lang='grc' dir='ltr'><strong><em>νας.</em></strong></span> <span class='ocrx_word' id='word_1_216' title='bbox 385 3473 511 3528; x_wconf 83' lang='lat' dir='ltr'><strong>Devocis</strong></span> <span class='ocrx_word' id='word_1_217' title='bbox 527 3479 615 3541; x_wconf 82' lang='lat' dir='ltr'><strong>etymo</strong></span> <span class='ocrx_word' id='word_1_218' title='bbox 633 3471 667 3522; x_wconf 82' lang='lat' dir='ltr'><strong>ef.</strong></span> <span class='ocrx_word' id='word_1_219' title='bbox 685 3489 713 3538; x_wconf 90' lang='lat' dir='ltr'><strong>p.</strong></span> <span class='ocrx_word' id='word_1_220' title='bbox 731 3472 792 3524; x_wconf 81' lang='grc'><strong>362.</strong></span> <span class='ocrx_word' id='word_1_221' title='bbox 810 3471 851 3537; x_wconf 81' lang='lat' dir='ltr'><strong>F,</strong></span> <span class='ocrx_word' id='word_1_222' title='bbox 869 3473 961 3542; x_wconf 85' lang='lat' dir='ltr'><strong>ibique</strong></span> <span class='ocrx_word' id='word_1_223' title='bbox 980 3471 1149 3525; x_wconf 79' lang='lat' dir='ltr'><strong>casaubonus</strong></span> <span class='ocrx_word' id='word_1_224' title='bbox 1163 3491 1191 3540; x_wconf 92' lang='lat' dir='ltr'><strong>p.</strong></span> <span class='ocrx_word' id='word_1_225' title='bbox 1208 3473 1270 3524; x_wconf 81' lang='lat' dir='ltr'><strong>sat.</strong></span> 
     </span>
     <span class='ocr_line' id='line_1_30' title="bbox 300 3551 1270 3629; baseline -0.006 -17"><span class='ocrx_word' id='word_1_226' title='bbox 300 3561 343 3629; x_wconf 80' lang='grc'><strong>(6)</strong></span> <span class='ocrx_word' id='word_1_227' title='bbox 364 3556 447 3621; x_wconf 83' lang='lat' dir='ltr'><strong>Sive,</strong></span> <span class='ocrx_word' id='word_1_228' title='bbox 466 3563 496 3608; x_wconf 89' lang='lat' dir='ltr'><strong>ut</strong></span> <span class='ocrx_word' id='word_1_229' title='bbox 519 3555 590 3608; x_wconf 88' lang='lat' dir='ltr'><strong>idem</strong></span> <span class='ocrx_word' id='word_1_230' title='bbox 608 3556 645 3607; x_wconf 87' lang='lat' dir='ltr'><strong>ait</strong></span> <span class='ocrx_word' id='word_1_231' title='bbox 662 3551 838 3618; x_wconf 75' lang='lat' dir='ltr'><strong>scholiastes,</strong></span> <span class='ocrx_word' id='word_1_232' title='bbox 859 3555 892 3605; x_wconf 77' lang='grc' dir='ltr'><strong>τὸ</strong></span> <span class='ocrx_word' id='word_1_233' title='bbox 908 3556 937 3606; x_wconf 79' lang='lat' dir='ltr'><strong>ts</strong></span> <span class='ocrx_word' id='word_1_234' title='bbox 957 3555 1094 3622; x_wconf 74' lang='grc' dir='ltr'><strong><em>συμβολῆς</em></strong></span> <span class='ocrx_word' id='word_1_235' title='bbox 1112 3555 1235 3609; x_wconf 67' lang='grc' dir='ltr'><strong><em>δεῖπνον.</em></strong></span> <span class='ocrx_word' id='word_1_236' title='bbox 1254 3555 1270 3606; x_wconf 80' lang='grc' dir='ltr'><strong><em>ὁ</em></strong></span> 
     </span>
     <span class='ocr_line' id='line_1_31' title="bbox 298 3635 1301 3712; baseline -0.006 -19"><span class='ocrx_word' id='word_1_237' title='bbox 298 3644 348 3706; x_wconf 77' lang='grc' dir='ltr'><strong><em>μὲν</em></strong></span> <span class='ocrx_word' id='word_1_238' title='bbox 365 3644 416 3712; x_wconf 56' lang='grc' dir='ltr'><strong>γὰρ</strong></span> <span class='ocrx_word' id='word_1_239' title='bbox 434 3641 538 3708; x_wconf 53' lang='grc' dir='ltr'><strong><em>γάμοςρ</em></strong></span> <span class='ocrx_word' id='word_1_240' title='bbox 553 3639 658 3710; x_wconf 85' lang='lat' dir='ltr'><strong>inquit,</strong></span> <span class='ocrx_word' id='word_1_241' title='bbox 686 3639 734 3688; x_wconf 82' lang='grc' dir='ltr'><strong><em>ναλ</em></strong></span> <span class='ocrx_word' id='word_1_242' title='bbox 762 3638 792 3688; x_wconf 76' lang='grc' dir='ltr'><strong>αἱ</strong></span> <span class='ocrx_word' id='word_1_243' title='bbox 818 3635 899 3688; x_wconf 71' lang='grc' dir='ltr'><strong><em>ἄλλον</em></strong></span> <span class='ocrx_word' id='word_1_244' title='bbox 923 3636 1036 3704; x_wconf 65' lang='lat' dir='ltr'><strong>eduxisse</strong></span> <span class='ocrx_word' id='word_1_245' title='bbox 1053 3635 1132 3704; x_wconf 63' lang='lat' dir='ltr'><strong>..tte</strong></span> <span class='ocrx_word' id='word_1_246' title='bbox 1149 3657 1204 3690; x_wconf 77' lang='grc' dir='ltr'><strong><em>τινι</em></strong></span> <span class='ocrx_word' id='word_1_247' title='bbox 1222 3639 1269 3703; x_wconf 75' lang='lat' dir='ltr'><strong>yt-</strong></span> <span class='ocrx_word' id='word_1_248' title='bbox 1298 3665 1301 3675; x_wconf 80' lang='lat'>=</span> 
     </span>
     <span class='ocr_line' id='line_1_32' title="bbox 299 3719 1270 3794; baseline -0.009 -15"><span class='ocrx_word' id='word_1_249' title='bbox 299 3745 411 3787; x_wconf 84' lang='grc' dir='ltr'><strong><em>νονταο,</em></strong></span> <span class='ocrx_word' id='word_1_250' title='bbox 430 3723 445 3775; x_wconf 82' lang='grc' dir='ltr'><strong><em>ὅ</em></strong></span> <span class='ocrx_word' id='word_1_251' title='bbox 464 3723 496 3775; x_wconf 83' lang='lat' dir='ltr'><strong>et</strong></span> <span class='ocrx_word' id='word_1_252' title='bbox 512 3723 607 3794; x_wconf 64' lang='grc' dir='ltr'><strong><em>ἔρανος</em></strong></span> <span class='ocrx_word' id='word_1_253' title='bbox 625 3719 658 3780; x_wconf 70' lang='grc' dir='ltr'><strong>ὥς</strong></span> <span class='ocrx_word' id='word_1_254' title='bbox 675 3719 787 3780; x_wconf 76' lang='grc' dir='ltr'><strong><em>ἕκαστος</em></strong></span> <span class='ocrx_word' id='word_1_255' title='bbox 807 3738 837 3770; x_wconf 79' lang='grc' dir='ltr'><strong>πο</strong></span> <span class='ocrx_word' id='word_1_256' title='bbox 855 3721 999 3782; x_wconf 53' lang='lat' dir='ltr'><strong>saetosus.</strong></span> <span class='ocrx_word' id='word_1_257' title='bbox 1023 3719 1172 3772; x_wconf 79' lang='lat' dir='ltr'><strong>Differebat</strong></span> <span class='ocrx_word' id='word_1_258' title='bbox 1188 3719 1270 3788; x_wconf 81' lang='lat' dir='ltr'><strong>igitur</strong></span> 
     </span>
     <span class='ocr_line' id='line_1_33' title="bbox 298 3801 1272 3877; baseline -0.006 -17"><span class='ocrx_word' id='word_1_259' title='bbox 298 3807 394 3877; x_wconf 71' lang='grc' dir='ltr'><strong><em>ἔρανος</em></strong></span> <span class='ocrx_word' id='word_1_260' title='bbox 417 3824 432 3856; x_wconf 85' lang='lat' dir='ltr'><strong>a</strong></span> <span class='ocrx_word' id='word_1_261' title='bbox 457 3807 564 3859; x_wconf 86' lang='lat' dir='ltr'><strong>caeteris</strong></span> <span class='ocrx_word' id='word_1_262' title='bbox 590 3803 736 3868; x_wconf 78' lang='lat' dir='ltr'><strong>conviviis,</strong></span> <span class='ocrx_word' id='word_1_263' title='bbox 765 3802 813 3856; x_wconf 90' lang='lat' dir='ltr'><strong>ubi</strong></span> <span class='ocrx_word' id='word_1_264' title='bbox 836 3801 975 3871; x_wconf 83' lang='lat' dir='ltr'><strong>peculiaris</strong></span> <span class='ocrx_word' id='word_1_265' title='bbox 999 3802 1129 3871; x_wconf 83' lang='lat' dir='ltr'><strong>quaedem</strong></span> <span class='ocrx_word' id='word_1_266' title='bbox 1155 3803 1272 3858; x_wconf 78' lang='lat' dir='ltr'><strong>amicitia</strong></span> 
     </span>
     <span class='ocr_line' id='line_1_34' title="bbox 298 3883 1270 3960; baseline -0.006 -18"><span class='ocrx_word' id='word_1_267' title='bbox 298 3889 502 3960; x_wconf 81' lang='lat' dir='ltr'><strong>requirebatur,</strong></span> <span class='ocrx_word' id='word_1_268' title='bbox 522 3907 594 3942; x_wconf 81' lang='lat' dir='ltr'><strong>secus</strong></span> <span class='ocrx_word' id='word_1_269' title='bbox 612 3905 642 3940; x_wconf 84' lang='lat' dir='ltr'><strong>ac</strong></span> <span class='ocrx_word' id='word_1_270' title='bbox 659 3888 689 3939; x_wconf 88' lang='lat' dir='ltr'><strong>in</strong></span> <span class='ocrx_word' id='word_1_271' title='bbox 704 3887 796 3957; x_wconf 74' lang='grc' dir='ltr'><strong><em>λρῶνρ.</em></strong></span> <span class='ocrx_word' id='word_1_272' title='bbox 840 3883 886 3938; x_wconf 87' lang='lat' dir='ltr'><strong>Sic</strong></span> <span class='ocrx_word' id='word_1_273' title='bbox 898 3884 968 3938; x_wconf 83' lang='lat' dir='ltr'><strong>euim</strong></span> <span class='ocrx_word' id='word_1_274' title='bbox 983 3884 1085 3952; x_wconf 79' lang='lat' dir='ltr'><strong>accipio</strong></span> <span class='ocrx_word' id='word_1_275' title='bbox 1102 3885 1182 3953; x_wconf 68' lang='grc' dir='ltr'><strong><em>φιλίᾳ</em></strong></span> <span class='ocrx_word' id='word_1_276' title='bbox 1197 3905 1270 3951; x_wconf 79' lang='grc' dir='ltr'><strong><em>πονο,</em></strong></span> 
     </span>
     <span class='ocr_line' id='line_1_35' title="bbox 298 3967 1273 4037; baseline 0.001 -16"><span class='ocrx_word' id='word_1_277' title='bbox 298 3979 330 4022; x_wconf 89' lang='lat' dir='ltr'><strong>nt</strong></span> <span class='ocrx_word' id='word_1_278' title='bbox 356 3967 483 4036; x_wconf 84' lang='lat' dir='ltr'><strong>emphasis</strong></span> <span class='ocrx_word' id='word_1_279' title='bbox 508 3973 542 4025; x_wconf 89' lang='lat' dir='ltr'><strong>sit</strong></span> <span class='ocrx_word' id='word_1_280' title='bbox 567 3973 596 4023; x_wconf 87' lang='lat' dir='ltr'><strong>iu</strong></span> <span class='ocrx_word' id='word_1_281' title='bbox 622 3987 688 4025; x_wconf 82' lang='lat' dir='ltr'><strong>voce</strong></span> <span class='ocrx_word' id='word_1_282' title='bbox 715 3987 784 4030; x_wconf 78' lang='grc' dir='ltr'><strong><em>πονο,</em></strong></span> <span class='ocrx_word' id='word_1_283' title='bbox 802 3967 884 4037; x_wconf 85' lang='lat' dir='ltr'><strong>elque</strong></span> <span class='ocrx_word' id='word_1_284' title='bbox 900 3970 995 4019; x_wconf 70' lang='lat' dir='ltr'><strong>esim</strong></span> <span class='ocrx_word' id='word_1_285' title='bbox 1012 3970 1139 4034; x_wconf 75' lang='lat' dir='ltr'><strong>quassam</strong></span> <span class='ocrx_word' id='word_1_286' title='bbox 1153 3973 1273 4022; x_wconf 73' lang='lat' dir='ltr'><strong>micitia</strong></span> 
     </span>
     <span class='ocr_line' id='line_1_36' title="bbox 298 4053 1272 4126; baseline 0.001 -19"><span class='ocrx_word' id='word_1_287' title='bbox 298 4054 471 4124; x_wconf 80' lang='lat' dir='ltr'><strong>intelligatur.</strong></span> <span class='ocrx_word' id='word_1_288' title='bbox 525 4057 566 4126; x_wconf 79' lang='lat' dir='ltr'><strong>(t)</strong></span> <span class='ocrx_word' id='word_1_289' title='bbox 595 4055 685 4124; x_wconf 87' lang='lat' dir='ltr'><strong>Opera</strong></span> <span class='ocrx_word' id='word_1_290' title='bbox 709 4063 736 4107; x_wconf 89' lang='lat' dir='ltr'><strong>et</strong></span> <span class='ocrx_word' id='word_1_291' title='bbox 764 4055 820 4106; x_wconf 87' lang='lat' dir='ltr'><strong>dies</strong></span> <span class='ocrx_word' id='word_1_292' title='bbox 844 4072 870 4110; x_wconf 82' lang='lat' dir='ltr'><strong>r.</strong></span> <span class='ocrx_word' id='word_1_293' title='bbox 895 4055 947 4106; x_wconf 79' lang='lat'><strong>669</strong></span> <span class='ocrx_word' id='word_1_294' title='bbox 975 4053 1065 4124; x_wconf 75' lang='grc'><strong>(721).</strong></span> <span class='ocrx_word' id='word_1_295' title='bbox 1120 4053 1168 4108; x_wconf 78' lang='lat' dir='ltr'><strong>sie</strong></span> <span class='ocrx_word' id='word_1_296' title='bbox 1191 4055 1272 4108; x_wconf 82' lang='lat' dir='ltr'><strong>etism</strong></span> 
     </span>
     <span class='ocr_line' id='line_1_37' title="bbox 298 4135 1279 4210; baseline 0.001 -20"><span class='ocrx_word' id='word_1_297' title='bbox 298 4135 443 4206; x_wconf 85' lang='lat' dir='ltr'><strong>Spsnhem.</strong></span> <span class='ocrx_word' id='word_1_298' title='bbox 469 4138 503 4189; x_wconf 86' lang='lat' dir='ltr'><strong>ad</strong></span> <span class='ocrx_word' id='word_1_299' title='bbox 528 4135 684 4192; x_wconf 79' lang='lat' dir='ltr'><strong>callimach.</strong></span> <span class='ocrx_word' id='word_1_300' title='bbox 710 4140 738 4190; x_wconf 92' lang='lat' dir='ltr'><strong>in</strong></span> <span class='ocrx_word' id='word_1_301' title='bbox 761 4137 859 4208; x_wconf 78' lang='lat' dir='ltr'><strong>Hymu.</strong></span> <span class='ocrx_word' id='word_1_302' title='bbox 886 4136 915 4188; x_wconf 86' lang='lat' dir='ltr'><strong>iu</strong></span> <span class='ocrx_word' id='word_1_303' title='bbox 940 4135 1031 4188; x_wconf 79' lang='lat' dir='ltr'><strong>Ceres.</strong></span> <span class='ocrx_word' id='word_1_304' title='bbox 1056 4155 1083 4194; x_wconf 80' lang='lat' dir='ltr'><strong>r.</strong></span> <span class='ocrx_word' id='word_1_305' title='bbox 1101 4139 1144 4190; x_wconf 83' lang='lat' dir='ltr'><strong>te.</strong></span> <span class='ocrx_word' id='word_1_306' title='bbox 1169 4138 1279 4210; x_wconf 72' lang='grc' dir='ltr'><strong><em>ἔρανον·</em></strong></span> 
     </span>
     <span class='ocr_line' id='line_1_38' title="bbox 299 4220 1269 4292; baseline -0.003 -15"><span class='ocrx_word' id='word_1_307' title='bbox 299 4221 396 4277; x_wconf 86' lang='lat' dir='ltr'><strong>veteris</strong></span> <span class='ocrx_word' id='word_1_308' title='bbox 417 4221 571 4292; x_wconf 87' lang='lat' dir='ltr'><strong>interpretis</strong></span> <span class='ocrx_word' id='word_1_309' title='bbox 594 4223 753 4276; x_wconf 64' lang='lat' dir='ltr'><strong>annositate</strong></span> <span class='ocrx_word' id='word_1_310' title='bbox 778 4220 868 4274; x_wconf 84' lang='lat' dir='ltr'><strong>reddit</strong></span> <span class='ocrx_word' id='word_1_311' title='bbox 883 4222 1054 4272; x_wconf 72' lang='lat' dir='ltr'><strong>mniniem&#39;e</strong></span> <span class='ocrx_word' id='word_1_312' title='bbox 1076 4222 1179 4274; x_wconf 81' lang='lat' dir='ltr'><strong>collatis</strong></span> <span class='ocrx_word' id='word_1_313' title='bbox 1194 4239 1269 4292; x_wconf 77' lang='lat' dir='ltr'><strong>sym-</strong></span> 
     </span>
     <span class='ocr_line' id='line_1_39' title="bbox 301 4303 1270 4376; baseline -0.005 -15"><span class='ocrx_word' id='word_1_314' title='bbox 301 4309 380 4374; x_wconf 78' lang='lat' dir='ltr'><strong>bolis,</strong></span> <span class='ocrx_word' id='word_1_315' title='bbox 399 4324 454 4360; x_wconf 90' lang='lat' dir='ltr'><strong>nou</strong></span> <span class='ocrx_word' id='word_1_316' title='bbox 473 4325 536 4366; x_wconf 80' lang='lat' dir='ltr'><strong>vero</strong></span> <span class='ocrx_word' id='word_1_317' title='bbox 554 4307 708 4376; x_wconf 82' lang='lat' dir='ltr'><strong>simpliciter</strong></span> <span class='ocrx_word' id='word_1_318' title='bbox 725 4324 844 4374; x_wconf 78' lang='lat' dir='ltr'><strong>comam,</strong></span> <span class='ocrx_word' id='word_1_319' title='bbox 863 4314 893 4359; x_wconf 90' lang='lat' dir='ltr'><strong>ut</strong></span> <span class='ocrx_word' id='word_1_320' title='bbox 908 4303 1071 4361; x_wconf 76' lang='lat' dir='ltr'><strong>Frisshtiuus</strong></span> <span class='ocrx_word' id='word_1_321' title='bbox 1080 4313 1106 4359; x_wconf 87' lang='lat' dir='ltr'><strong>et</strong></span> <span class='ocrx_word' id='word_1_322' title='bbox 1114 4305 1270 4362; x_wconf 74' lang='lat' dir='ltr'><strong>Vulcanius.</strong></span> 
     </span>
    </p>
   </div>
   <div class='ocr_carea' id='block_1_6' title="bbox 0 0 1449 4826">
    <p class='ocr_par' dir='ltr' id='par_1_6' title="bbox 0 0 1449 4826">
     <span class='ocr_line' id='line_1_40' title="bbox 0 0 1449 4826; baseline 0 0"><span class='ocrx_word' id='word_1_323' title='bbox 0 0 1449 4826; x_wconf 95' lang='lat' dir='ltr'><strong> </strong></span> 
     </span>
    </p>
   </div>
  </div>
 </body>
</html>
