2904 4826
619 518 781 584 ..99-

212 697 367 765 sententia
406 697 552 764 omnibus
581 699 672 764 bonis
709 711 787 766 esset
821 703 976 788 evolutus3
1009 703 1099 792 cujus
1130 705 1177 770 rei
1210 701 1214 708 ’

213 804 391 890 exemplum
416 801 563 888 proponit
592 801 767 889 Antiphon,
796 826 871 872 curn
898 806 993 880 dicit:
1024 815 1179 896 περιγενό-

213 931 303 990 μενος
334 906 367 970 δέ
402 907 454 969 καὶ
485 903 636 985 λειφθεὶς,
663 913 722 992 κᾷν
744 910 853 994 ἔρανον
884 918 967 999 παρὰ
992 917 1055 979 τῶν
1082 913 1178 996 φίλων

216 1009 381 1092 συλλέξας,
405 1012 458 1076 σὺν
479 1015 521 1076 ἂν
544 1013 585 1084 εἷς
608 1015 647 1074 τὰ
669 1013 780 1098 ἔσχατα
800 1021 879 1081 κακὰ
901 1015 999 1100 ἦλθον
1013 1015 1068 1107 (l).
1114 1018 1179 1100 Qui

215 1115 321 1199 locus,
354 1126 389 1180 ut
423 1127 510 1179 recte
538 1117 748 1203 intelligatur,
777 1121 977 1186 retinendum
1005 1123 1180 1208 putaverim

219 1221 353 1304 λειφθεὶς
375 1242 432 1306 pto
452 1220 590 1304 ληφθείς.
635 1221 797 1309 Significat
819 1227 903 1290 enim
927 1227 1100 1308 λείπεσθαι,
1123 1246 1182 1289 re-

218 1323 345 1410 linqui,
376 1323 567 1411 inferiorem
594 1346 681 1409 eree,
710 1331 880 1414 superari,
909 1332 1014 1415 vinei,
1042 1332 1183 1394 concin-

220 1429 253 1490 cs'
269 1424 326 1515 (2).
371 1426 486 1490 Sensus
510 1428 606 1514 igitur
626 1426 691 1493 huc
711 1429 808 1496 redit:
831 1432 1093 1520 quandoquidem
1107 1432 1185 1496 ral-

221 1530 264 1595 vd
288 1531 358 1594 vitet
383 1533 421 1595 in
441 1533 575 1620 judicie
600 1536 766 1598 convietus
795 1559 887 1621 eum,
917 1537 1057 1626 adeoque
1084 1559 1188 1602 cauea

225 1635 342 1721 cecidi,
365 1639 499 1702 etiamsi
517 1638 603 1703 Itane
624 1641 845 1727 ipnominiam
863 1664 967 1705 esrem
984 1665 1128 1729 passer,
1150 1651 1189 1705 ut

226 1740 268 1804 ab
288 1744 408 1807 enticis
427 1744 579 1832 lleqitare
592 1747 701 1831 ἔρανον
714 1769 843 1809 neeesse
858 1746 1025 1831 haberem,
1047 1769 1114 1811 nors
1130 1757 1189 1834 ³⁰?

226 1864 302 1906 mm
322 1843 370 1908 ed
387 1845 510 1910 incitas
532 1870 636 1910 esrem
657 1847 817 1910 reduetus.
854 1847 906 1910 Nil
927 1849 1012 1912 enirn
1034 1848 1094 1912 sibi
1112 1869 1191 1933 pro-

226 1945 328 2030 desse,
352 1948 439 2034 quod
463 1972 525 2014 non
552 1949 592 2014 ed
616 1960 750 2014 mortem
774 1948 812 2011 sit
835 1947 1078 2034 condemnatus,
1101 1949 1192 2014 affir-

225 2059 290 2114 met
320 2049 414 2114 miser
447 2052 503 2115 ille
533 2051 643 2133 horno,
674 2050 729 2137 qui
755 2048 833 2112 adeo
858 2051 992 2135 turpiter
1016 2051 1112 2116 vitam
1133 2048 1194 2113 dc-

226 2173 301 2238 gere
327 2165 476 2239 cogatur,
498 2165 535 2218 ut
554 2153 677 2241 quidvis
696 2152 819 2238 perpeti
842 2153 959 2217 mallet.
1004 2154 1088 2218 Hinc
1109 2174 1195 2217 con-

220 2253 283 2337 ‚fici
298 2266 416 2342 potest,
439 2278 536 2344 quam
556 2268 635 2321 esset
649 2254 894 2341 ignominiosum
909 2255 948 2318 ab
964 2256 1074 2352 amicis
1088 2259 1197 2344 ἔρανον

230 2357 408 2424 corradere.
453 2358 517 2442 Qul
542 2360 627 2424 enirn
650 2359 790 2444 alioquin
815 2358 966 2442 scripturn
989 2358 1097 2423 suisset
1120 2367 1197 2447 κᾷν,

230 2460 257 2524 si
291 2481 354 2524 non
386 2461 429 2528 ite
460 2473 540 2526 esset
567 2461 667 2549 posita
695 2462 750 2525 illa
777 2461 933 2546 particule
959 2474 1133 2548 contrecta,
1161 2477 1198 2529 ut

231 2565 286 2630 οὖν
303 2568 345 2632 ἂν
367 2565 398 2628 ei
421 2565 625 2652 responderet
644 2561 702 2655 (3)
720 2564 807 2641 hunc¹
836 2565 901 2628 lere
929 2565 963 2629 in
987 2564 1136 2650 modurn,
1164 2579 1201 2632 ut

232 2658 463 2756 intelligeretur
484 2673 589 2756 ἔρανος
610 2669 650 2735 ad
673 2673 786 2756 ἔσχατα
812 2674 908 2752 κακά,
932 2670 958 2734 si
982 2692 1046 2736 non
1067 2670 1199 2764 referri,

233 2768 387 2834 accedere
408 2771 518 2836 saltem
542 2793 637 2858 quern
663 2771 796 2836 maxime
824 2770 881 2860 (l).
927 2771 1017 2838 Unde
1037 2773 1072 2837 in
1092 2774 1207 2860 primis

233 2921 598 2941 Μ

267 2991 308 3062 (1)
327 2989 394 3045 vid.
415 2994 530 3062 Apolog.
547 2993 603 3048 sire
625 2993 702 3047 Oret.
724 2993 781 3047 Ill.
804 3013 832 3064 p.
847 2996 909 3047 63⁵.
927 3013 968 3068 sq.
988 2994 1066 3048 Torn.
1085 2995 1154 3050 Vll.
1171 2999 1205 3052 ll.

232 3074 274 3146 (2)
294 3073 361 3129 vid.
383 3075 486 3128 delien.
503 3075 540 3130 V.
557 3076 592 3128 H.
613 3075 637 3128 Ι.
655 3078 689 3129 23
700 3115 708 3142 ,
719 3077 818 3148 'ibique
834 3078 1004 3143 Perizonins;
1029 3079 1091 3130 edd.
1111 3077 1208 3132 Suides

230 3160 260 3212 in
277 3177 305 3214 v.
322 3160 496 3212 Λελπεσθαι·
513 3161 662 3225 ἡττᾶσθαι.
704 3159 795 3212 Minus
819 3167 909 3224 recte,
937 3167 966 3212 ut
988 3158 1055 3213 mihi
1079 3161 1206 3225 videtur,

233 3241 434 3312 Hauptmannus
456 3241 485 3293 in
508 3239 623 3306 Specim.
649 3240 748 3293 Annot.
767 3242 796 3292 in
814 3241 975 3310 Antiphont.
993 3260 1020 3309 p.
1039 3245 1108 3306 838,
1127 3241 1207 3294 Torn.

231 3324 302 3378 vlt.
325 3325 360 3376 R.
385 3324 467 3376 vertit
492 3324 597 3375 relictus
614 3325 641 3373 in
659 3325 731 3374 urbe.
767 3322 862 3393 Neque
878 3325 928 3374 elie
945 3331 1002 3376 eret
1018 3321 1129 3392 Teylori
1145 3342 1209 3376 sen-

232 3408 323 3460 tentie.
358 3405 425 3458 vid.
449 3408 506 3475 ejus
528 3411 586 3456 not.
611 3423 639 3472 p.
659 3406 720 3457 ete.
743 3405 802 3456 eod.
843 3404 967 3457 Reislrius
982 3403 1064 3458 hehet
1078 3406 1111 3466 οὐ
1130 3407 1208 3469 λειφ-

234 3494 314 3555 θεὶς,
338 3499 368 3544 ut
385 3492 456 3544 idern
483 3489 587 3555 Valeat,
614 3497 695 3558 etque
720 3491 938 3560 περιγενόμενος.
974 3487 1040 3542 vid.
1056 3491 1084 3542 in
1101 3501 1208 3559 nnnot.;

232 3577 295 3630 edd.
324 3579 381 3644 ejus
409 3574 514 3627 decess.
544 3571 577 3622 nd
607 3569 768 3638 Antiphont.
793 3591 820 3639 p.
840 3573 900 3624 853.
920 3571 999 3637 end,
1027 3573 1073 3623 ubi
1089 3573 1210 3641 ληφθεὶς

234 3659 310 3731 posse
328 3657 434 3712 defendi
457 3657 587 3721 affirmat,
613 3661 643 3706 ut
661 3654 806 3720 accipiatur
823 3671 874 3722 pro
895 3653 1105 3720 καταληφθεὶς,
1130 3658 1209 3709 dam.

234 3749 326 3796 natus.
363 3741 405 3810 (3)
425 3737 469 3790 Ds
492 3736 563 3789 hisce
588 3737 727 3804 particulis
752 3735 823 3787 conf.
841 3735 1008 3804 Hoogeveen.
1028 3737 1061 3788 nd
1082 3734 1211 3806 Vigerum
1302 3744 1309 3754 '

237 3823 271 3876 de
297 3822 380 3874 Idiot.
406 3819 485 3890 Ling.
511 3819 562 3872 Gr.
585 3839 612 3888 p.
637 3820 689 3871 425
713 3824 740 3870 et
763 3817 824 3870 475.
865 3819 906 3887 (l)
926 3815 1005 3870 Licet
1018 3819 1100 3888 igitur
1116 3823 1212 3894 ἔρανος

238 3923 286 3974 per
307 3924 334 3959 se
348 3922 404 3958 non
418 3905 452 3960 rit
470 3904 588 3974 ἔσχατον
611 3907 710 3969 κακὸν,
729 3903 758 3955 in
775 3919 806 3955 eo
824 3909 910 3954 tamen
927 3901 999 3955 haud
1015 3906 1128 3958 multum
1143 3909 1210 3962 ebe-

238 3994 280 4039 ret
305 4006 320 4039 n
342 3989 464 4053 miserie,
484 3989 558 4058 quod
580 3987 743 4054 saepissime,
769 3985 891 4052 inprimis
912 3992 1020 4053 urgente
1035 3991 1209 4059 necessitate,

239 4088 294 4122 non
318 4071 369 4122 nisi
395 4071 528 4141 flagitatus
550 4071 667 4124 deretur.
710 4068 756 4124 Sic
774 4069 844 4138 apud
863 4069 987 4122 Plautum
1003 4071 1082 4137 leno,
1101 4073 1145 4127 cni
1164 4093 1211 4127 er-

241 4153 371 4220 gentnrius
395 4161 548 4222 argentum,
574 4153 649 4223 quod
673 4153 725 4222 ipsi
749 4151 879 4216 debebat,
905 4167 958 4202 non
981 4153 1152 4222 reddiderat,
1178 4157 1213 4209 nd

241 4236 339 4292 emices
358 4236 494 4307 confugit,
521 4235 586 4308 qui,
613 4236 682 4290 unde
709 4235 770 4290 lene
793 4235 868 4305 prius
884 4235 1060 4292 creditoribus
1078 4238 1211 4303 solveret,

1146 4336 1216 4374 con-
