2904 4826
670 425 853 492 -120-

270 609 389 678 liudem
415 607 643 700 significatione
674 619 849 676 occurrunt
872 628 947 673 oum
976 608 1114 674 activum
1138 611 1268 696 ἐρανί.

271 719 328 804 ζου,
349 726 386 784 ut
405 715 472 802 jam
497 724 608 780 notum
632 723 696 800 est,
722 723 793 778 tum
818 712 886 799 ejus
911 713 1122 798 compositum
1151 737 1262 780 ουνε-

269 823 400 912 ρανίζως
421 819 514 907 cujus
527 819 573 884 rei
590 817 769 904 exemplum
783 815 963 904 suppeditat
980 816 1151 904 Gregorius
1168 817 1259 880 Na-

269 927 451 1010 riaueenus,
473 925 546 989 loco
567 920 723 1010 quodam,
745 919 803 984 ubi
825 918 864 984 de
892 919 1132 984 auctoritatibus
1156 941 1255 1006 pro-

269 1027 438 1116 phalarum
459 1027 576 1116 quibus
597 1026 713 1111 utitur,
740 1023 820 1090 baec
846 1024 972 1090 scribit:
999 1027 1080 1100 ὅπως
1101 1029 1142 1092 ἂν
1167 1025 1254 1090 ‘r'xoe-

269 1155 342 1202 στον
362 1134 433 1222 ἐπίῃ
451 1141 491 1218 τῇ
511 1139 616 1220 μνήμῃ
634 1139 698 1199 τῶν
717 1129 970 1216 συμπληρουντισν
987 1155 1040 1212 μοι
1054 1134 1120 1212 ’τὴν
1141 1132 1245 1217 ᾠδὴν,

269 1241 323 1306 ναί
349 1241 604 1324 συνερανιζόντων
630 1239 685 1304 τὸν
718 1241 913 1324 ριοιριστήριοιςΙ
946 1233 1037 1314 λόγον
1065 1231 1123 1323 (1).
1170 1234 1245 1298 Ne-

270 1364 334 1431 quo
372 1343 434 1408 alio
469 1340 565 1406 modo
596 1339 676 1406 mibi
710 1338 833 1404 ridetur
868 1337 934 1424 ipse
972 1337 1118 1424 Gregorii
1151 1339 1241 1402 locus

269 1441 511 1530 intelligendus,
534 1443 593 1507 nisi
612 1441 652 1507 de
672 1443 727 1526 iis,
751 1441 807 1529 qui
825 1439 1047 1528 quovismodo
1065 1447 1239 1527 captarent,

270 1559 307 1614 ut
325 1547 461 1634 pulchra
483 1567 594 1610 eorum
616 1547 699 1611 facta
718 1545 878 1630 oratione,
902 1543 966 1632 qut
990 1545 1085 1608 simul
1111 1544 1239 1630 publice

271 1649 385 1736 gratias
407 1649 541 1734 inirent,
564 1659 898 1714 commemorarentur.
944 1647 985 1712 Ar
1008 1669 1082 1712 vero
1101 1647 1239 1734 Stepha-

271 1775 332 1818 nus
361 1751 508 1839 perbibet
537 1751 614 1818 huic
647 1755 719 1820 loco
752 1754 842 1818 illam
875 1751 1139 1839 significationem
1175 1773 1239 1818 non

272 1880 337 1925 esse
361 1857 514 1940 dandam,
537 1881 633 1948 quam
667 1870 774 1924 tomen
803 1857 967 1946 Budaeus,
991 1859 1046 1924 cui
1067 1859 1161 1924 facilc
1185 1881 1241 1924 os-

273 1955 400 2030 seusurn
428 1961 582 2049 praebeo,
615 1961 646 2027 ei
673 1963 828 2029 tribuerat
850 1961 864 2053 (
886 1960 907 2041 ).

316 2065 367 2130 Ad
390 2065 524 2131 verbum
552 2069 757 2154 συνερανίζειν
789 2065 1036 2133 animadvertere
1062 2069 1173 2155 liceat,
1197 2070 1244 2136 il-

273 2168 332 2235 lud
371 2181 445 2234 cum
485 2191 560 2235 casu
604 2169 701 2234 dandi
747 2180 983 2254 constructum,
1025 2169 1113 2235 baud
1158 2193 1247 2236 secus

275 2295 313 2340 ac
349 2271 389 2340 de
425 2274 562 2360 simplici
599 2273 747 2360 ἐρανίζειν
781 2272 934 2357 vidimus,
972 2293 1036 2338 nou
1069 2273 1246 2361 significare

277 2375 444 2464 colliqere,
473 2375 528 2442 scd
553 2379 714 2466 conferre,
737 2375 960 2442 οσνιίνίίιυονοι
982 2377 1030 2442 uti
1052 2377 1138 2464 apud
1163 2373 1256 2443 bio-'

277 2499 392 2564 gerrem
418 2478 580 2544 Laertium
603 2480 639 2544 iu
663 2479 819 2565 Arcesila,
853 2479 912 2544 ubi
937 2479 976 2546 (le
1001 2481 1069 2566 ejus
1099 2483 1248 2546 liberali-

276 2592 339 2647 tutc
360 2602 462 2646 sermo
485 2591 545 2647 cst:
567 2590 702 2669 Συχνσῒς
721 2609 753 2649 τε
774 2587 894 2669 ἐπήρκει
919 2586 972 2648 καί
996 2585 1159 2668 συνηράνιζ
1188 2580 1245 2671 (3).

276 2686 382 2768 Quem
414 2688 524 2752 locum
553 2709 652 2775 quare
688 2688 729 2754 ad
757 2688 897 2754 convivia
934 2686 973 2752 de
999 2688 1147 2776 symbolis
1171 2688 1248 2752 inita
1365 2738 1370 2744 .
1439 2713 1441 2768 ρ

275 2789 414 2854 referant
441 2792 589 2856 nonnulli
619 2793 820 2882 interpretes,
853 2813 919 2856 non
943 2789 1050 2856 uideo:
1083 2813 1171 2856 error
1194 2791 1251 2856 fa-

277 2893 340 2958 cile
365 2903 546 2960 contractus
568 2905 615 2959 est
640 2917 676 2960 ex
695 2917 802 2982 praep.
824 2900 879 2964 σιίν
895 2917 970 2960 cum
989 2893 1091 2960 dativo
1108 2893 1249 2974 πολλοῖς,

277 3015 315 3059 ao
342 2994 368 3058 si
391 2993 516 3060 dixisset
541 3009 651 3062 auctor
666 3002 720 3066 σίν
735 3007 854 3085 συχνοῖς
875 2992 1015 3084 ἠράνιζος
1040 2998 1165 3062 etenim
1179 3021 1252 3064 συν-

276 3102 398 3185 ηράνιζε
421 3120 495 3164 cum
533 3109 652 3189 συχνοῖς
682 3101 769 3166 haud
809 3101 899 3165 aliter
935 3121 972 3166 ac
1007 3123 1082 3166 cum
1115 3101 1251 3188 simplici

278 3205 427 3291 ἐρανίζειν
455 3202 663 3290 construitur,
692 3216 729 3268 ut
763 3226 869 3291 praep.
900 3209 954 3272 σιίν
988 3203 1250 3292 significationem

279 3319 402 3397 augeat.
446 3307 530 3374 Hinc
554 3319 640 3373 recte
671 3306 832 3392 Budaeus,
861 3319 938 3372 teste
971 3307 1146 3394 Stephano,
1175 3326 1253 3370 rer·
1280 3349 1287 3365 .

278 3412 317 3476 tit
344 3413 527 3499 pecuniam
559 3413 784 3476 neeessariam
824 3411 1015 3498 conficiebat
1050 3409 1107 3502 (4)
1175 3409 1251 3474 Loci

280 3539 388 3582 sensus
411 3517 508 3605 igilur
536 3515 602 3582 huc
627 3517 722 3582 redit:
750 3517 868 3582 multis
896 3518 1024 3582 ουυίίίο
1053 3519 1103 3581 ito
1120 3526 1253 3604 praesto

312 3749 353 3818 (l)
374 3747 420 3802 Sic
439 3749 569 3804 Isocrates
586 3753 614 3804 in
632 3750 804 3821 Philippum:
832 3752 901 3811 liseur
919 3751 952 3802 ίιν
971 3751 1177 3822 συνορονίοοιμι
1194 3745 1258 3802 τοὺς

277 3826 373 3900 λόγους
391 3833 508 3890 πάντας.
543 3833 587 3886 cf.
615 3835 755 3888 Aristotel.
781 3835 815 3887 de
843 3852 931 3904 gener.
962 3834 1052 3886 Auim.
1081 3832 1138 3885 111.
1160 3833 1185 3882 l.
1212 3829 1260 3896 κᾷν

276 3910 366 3962 πολλὰ
381 3918 559 3984 συνερανίσας
574 3937 616 3976 τις
633 3917 670 3968 oiri
688 3921 730 3977 εἷς
748 3918 856 3980 κύστιν,
874 3914 893 3983 ν’)
909 3933 938 3966 τι
956 3919 1101 3978 τοιοῦτον,
1122 3913 1258 3984 ἴψῃπυθί·

280 3994 322 4062 (2)
342 3993 420 4046 Cous.
449 3996 577 4067 Stephon.
602 3998 685 4054 Thes.
708 3998 743 4052 L.
763 3998 815 4052 Gr.
835 4018 862 4055 v·
881 3999 1069 4070 errrposlcor·
1097 3996 1164 4050 edil·
1182 3991 1262 4063 Αῃέί·

280 4077 321 4144 (3)
341 4073 405 4129 Lib.
428 4078 480 4131 lV.
499 4079 586 4150 Segne.
606 4085 650 4136 38.
665 4083 758 4156 ibique
777 4085 842 4154 Aeg.
862 4083 1012 4153 Menrg.=p.
1035 4082 1095 4134 178.
1133 4075 1173 4150 (ί)
1194 4075 1260 4133 Vid-

280 4154 410 4230 Slepban.
429 4158 509 4215 Thea.
528 4161 562 4216 L.
582 4162 633 4218 Gr.
651 4165 704 4219 loc.
722 4166 796 4220 laud.
