2904 4826
644 479 820 542 ..68-

252 683 339 747 rum,
369 662 426 750 qui
458 671 554 748 caput
578 657 638 724 sibi
664 658 821 746 amputari
847 655 1010 740 ridentur,
1040 655 1129 721 sortis
1154 654 1224 746 (τοῦ-

251 761 430 853 ιιιφαλιιίου)
454 763 653 830 emissionem
677 760 849 848 praesagiri
873 771 998 844 monet,
1026 758 1075 824 his
1100 761 1220 826 verbis:

253 869 464 957 τραπεζίταις,
490 870 544 933 καί
571 867 759 946 δανεισταῖς,
788 868 980 950 ἐρανάρχαις,
1011 866 1063 927 καί
1085 863 1220 947 seusin-

252 997 335 1060 ραις,
366 975 420 1039 καί
446 975 601 1057 ἐμπόροις,
628 970 681 1034 καί
704 975 778 1034 πᾶσι
804 975 867 1042 τοῖς
893 969 933 1031 τὰ
959 973 1096 1054 χρήματα
1122 975 1217 1036 συνά-

253 1100 376 1158 roceto,
412 1073 568 1143 ἀπώλειαν
604 1077 668 1140 τῶν
701 1069 874 1156 κεφαλαίων
910 1072 962 1138 διὰ
996 1075 1032 1138 τὸ
1059 1076 1221 1156 ὁμώνυμον

254 1178 393 1264 σημαίνει
414 1173 472 1266 (1).
516 1175 599 1240 iiiuc
624 1171 730 1238 ridere
754 1183 815 1257 est,
837 1194 934 1259 quam
957 1175 1020 1240 late
1042 1174 1128 1239 vocis
1151 1180 1222 1262 ἐρα-

254 1285 369 1368 νάρχιιν
387 1277 649 1368 significationem
670 1277 816 1342 sumserit
838 1288 965 1364 auctor,
988 1300 1043 1343 eos
1062 1301 1138 1344 cum
1155 1303 1222 1346 na-

253 1384 414 1452 viculariis
441 1394 474 1449 et
497 1381 726 1450 mercatoribus
748 1403 951 1469 comparans,
972 1383 1017 1450 ita
1040 1395 1077 1449 ut
1096 1385 1223 1449 nullum

252 1491 320 1556 iere
352 1485 487 1553 dubium
525 1487 672 1574 supersit,
712 1487 791 1574 quin
824 1487 864 1552 de
900 1489 1028 1576 collegii
1063 1489 1224 1576 praefecto

254 1588 447 1678 cogitarerit
557 1621 559 1627 ·

298 1687 456 1756 lietaldus
478 1710 551 1756 sero
576 1693 745 1777 ἐρανάρχην
769 1689 811 1756 ad
830 1691 919 1758 aliud
939 1695 1027 1760 erani
1049 1707 1148 1782 genus
1165 1717 1225 1760 re-

254 1795 379 1880 ferens,
410 1803 502 1881 putat
530 1793 710 1880 periculum
740 1796 916 1861 necessario
945 1799 1062 1886 suscipi
1096 1799 1136 1865 sb
1170 1822 1225 1886 eo,

255 1901 313 1990 qui
334 1899 499 1966 collationi
518 1899 551 1962 in
577 1899 755 1964 amicorum
779 1899 911 1987 gratiam
939 1900 1102 1968 faciendae
1123 1925 1224 1989 prae-

256 2014 337 2072 esset
365 1998 429 2092 (2),
465 2001 583 2088 quippe
617 2001 675 2088 qui
706 2001 746 2066 de
785 2023 841 2066 suo
869 2005 1016 2090 supplere
1048 2015 1223 2092 teneretur,

256 2111 284 2176 si
303 2108 426 2192 minus,
448 2127 545 2194 quam
565 2105 652 2195 quod
674 2107 770 2173 amici
784 2108 912 2194 egestati
928 2107 1098 2196 sufficeret,
1117 2111 1224 2176 colle-

255 2213 365 2304 gisset3
395 2231 461 2298 quo
491 2221 597 2276 tamen
620 2209 705 2298 quid
729 2209 810 2274 ioret
833 2206 998 2297 iniquius?
1040 2212 1115 2276 Erat
1138 2211 1224 2276 enim

255 2313 440 2404 hujusmodi
471 2312 643 2380 eranarcha
679 2335 743 2378 non
771 2311 832 2378 uisi
858 2311 1009 2376 beneficii
1031 2312 1065 2376 in
1090 2313 1227 2378 alterum

256 2415 443 2488 conferendi
464 2427 591 2502 auctor,
618 2415 674 2504 qui
698 2437 863 2502 nunquam
888 2436 924 2478 er
946 2437 1002 2480 sua
1020 2415 1226 2481 beneficien-

255 2525 301 2592 tia
320 2521 562 2608 damuumxpati
587 2532 718 2608 poterat.
763 2519 826 2586 Sed
850 2519 911 2586 hac
937 2519 977 2585 de
1001 2543 1036 2586 re
1063 2523 1145 2588 inira
1167 2521 1225 2586 di-

256 2647 376 2694 cemus.
397 2659 443 2676 ·-
463 2621 514 2688 aa
538 2623 673 2690 verbum
693 2630 853 2703 συνάγουσι
878 2623 966 2710 quod
990 2627 1116 2712 attinet,
1144 2626 1227 2692 illud

254 2748 314 2814 pro
333 2726 562 2815 confotus-esso
582 2724 821 2810 accipiendum,
841 2737 877 2790 ut
896 2728 1068 2816 praecipue
1089 2728 1129 2795 ad
1152 2731 1226 2796 eol-

252 2825 332 2914 legii
365 2827 562 2913 praefectum
596 2826 707 2892 referri
741 2827 852 2912 possit,
884 2828 979 2895 facile
1012 2845 1149 2900 constat:
1175 2834 1225 2900 his

256 2927 343 2992 enim
371 2927 537 3014 omnibus,
567 2949 646 3016 quos
674 2939 838 2993 enumerat
861 2927 1095 3022 Artemidorus,
1123 2959 1228 3023 pecu-

256 3032 312 3098 nia
341 3042 409 3097 erat
433 3030 640 3114 conferenda,
661 3031 727 3120 qui
749 3033 839 3097 nulla
858 3055 924 3099 non
946 3038 1117 3123 negotiatio
1140 3057 1228 3103 con-

256 3135 394 3218 tinetur,
425 3141 458 3198 et
488 3152 563 3196 vero
595 3130 676 3197 haec
707 3133 866 3219 pecuniae
893 3137 1019 3202 collatio
1040 3138 1073 3202 iu
1099 3140 1228 3204 lucrum

257 3249 314 3306 aut
336 3237 488 3303 damnum
510 3235 590 3300 serti
615 3235 752 3318 solebat,
783 3237 808 3300 si
833 3258 897 3302 non
922 3238 1129 3326 eronarchae,
1158 3242 1227 3306 sal-

256 3353 323 3407 tem
346 3338 491 3426 collegii,
514 3338 605 3424 cujus
630 3339 723 3404 saluti
744 3341 925 3426 prospicere
943 3340 1086 3408 debebat
1131 3345 1227 3428 Quod

257 3443 285 3508 si
309 3439 574 3507 animadvertisset
594 3437 767 3526 Herelius,
794 3441 871 3528 aliu,
895 3441 1008 3528 credo,
1031 3444 1099 3530 ejus
1121 3445 1229 3514 'suisset

258 3545 421 3614 sententia.

689 3643 719 3730 ς,
745 3645 797 3710 17.

304 3753 400 3817 Hisce
424 3749 522 3836 igitur
544 3748 693 3814 omnibus
713 3751 901 3837 perspectis,
924 3750 1031 3818 uideor
1055 3751 1135 3818 mihi
1152 3753 1228 3817 col-

260 3854 339 3942 legii
364 3855 569 3922 casuistarum
601 3875 775 3942 rerumque
808 3874 884 3921 cum
915 3877 954 3922 eo
986 3857 1229 3943 conjunctarum

291 4087 334 4158 (ι)
355 4075 510 4144 truatur
542 4071 708 4149 enormen?
743 4094 766 4147 1.
805 4096 857 4162 ιι,
899 4095 992 4168 surque
1028 4097 1125 4171 argus.
1157 4100 1179 4153 s
1213 4101 1233 4153 r.

185 4214 192 4224 .
256 4171 298 4243 (2)
317 4169 383 4228 vid.
408 4172 550 4235 observat.
576 4178 610 4230 sd
636 4179 685 4233 Jus
712 4179 769 4233 Asc
796 4186 822 4236 st
846 4179 923 4235 Rom.
949 4179 1003 4237 Vi·
1030 4183 1057 4236 5.
