2886 4826
419 1143 421 1151 ⁴
478 1100 934 1204 INTRODUGTIO.

262 1331 378 1394 VOClS
396 1337 651 1397 sltttonottts
670 1341 719 1397 ET
736 1341 856 1402 VARIA
875 1289 1154 1409 smttttdtcsno.

576 1551 832 1576 *m—

265 1659 464 1789 Materiam
484 1715 524 1784 de
543 1717 652 1784 liranis
672 1741 862 1810 cognoscere
884 1726 1086 1813 cupientibus
1103 1749 1186 1816 ope-

217 1844 286 1892 ram
313 1845 378 1892 uun
407 1821 563 1910 ingratam
587 1844 639 1888 me
666 1826 889 1912 praestiturum
912 1849 1019 1914 spero,
1049 1830 1182 1920 sirena,

219 1923 323 2012 quoad
357 1924 425 2009 ejus
454 1923 525 1990 lieri
554 1936 669 2012 potest,
698 1927 846 1996 altissime
876 1931 1058 2018 repetivere.
1140 1955 1185 2001 uo

217 2029 317 2115 hoto,
338 2029 425 2096 haud
448 2028 671 2116 dubitaverim,
693 2033 786 2120 quin,
816 2033 843 2098 si
864 2055 930 2102 non
955 2045 1075 2102 certam
1098 1935 1188 2132 ἃ(

218 2138 326 2222 ἐράνου
339 2132 510 2220 originem,
524 2153 594 2200 eam
609 2135 732 2221 saltem,
747 2157 829 2224 quse
849 2135 890 2203 ad
905 2137 1066 2206 veritatem
1087 2160 1185 2228 quana
1195 2141 1198 2148 “
1207 2159 1223 2180 r

215 2240 355 2326 proxime
387 2237 533 2324 accedat,
563 2240 721 2328 cognitam
752 2238 933 2308 habeamus
983 2241 1055 2323 Qua
1083 2240 1119 2308 in
1146 2261 1182 2328 re

214 2353 251 2405 ut
280 2353 349 2407 tuto
377 2339 630 2429 progrediamur,
662 2362 727 2408 non
757 2341 890 2408 minima
924 2351 970 2406 est
1004 2341 1184 2412 adhibenda

214 2433 313 2528 eura,
343 2465 402 2530 ne,
436 2443 513 2510 dum
542 2444 628 2510 rocio
657 2442 812 2530 originem
841 2453 1037 2530 perspectam
1064 2445 1183 2518 hahere

184 2583 189 2590 ·
215 2541 308 2614 n'ebis
323 2546 501 2632 videamur,
524 2545 564 2612 de
584 2555 672 2612 recto
692 2545 816 2612 tramite
838 2544 1041 2614 deflectamus
1054 2549 1182 2636 longis-

211 2649 304 2718 aima
346 2650 400 2714 Est
418 2650 504 2715 enim
522 2671 561 2716 er
574 2649 714 2716 Graecae
728 2649 877 2736 linguae„
894 2649 919 2714 si
936 2651 1072 2738 cujusvis
1086 2653 1182 2742 elius,

138 2817 141 2820 .
214 2749 350 2838 indoles,
371 2764 408 2818 ut
429 2774 544 2820 vocum
565 2751 627 2818 sire
651 2751 893 2839 producturum,
923 2753 985 2820 sire
1015 2760 1183 2845 composi-

215 2865 319 2920 tarum
352 2855 538 2943 significatio
561 2875 625 2920 non
649 2854 745 2941 possit
770 2855 934 2942 cognosci,
957 2858 1017 2924 nisi
1038 2859 1078 2928 ad
1098 2864 1183 2934 sim-

213 2958 361 3044 pliciores
386 2979 495 3024 aarum
515 2957 645 3042 formas,
666 2957 753 3023 velut
781 2975 982 3046 communes,
1004 2962 1089 3030 unde
1115 2965 1181 3033 de-

214 3061 381 3146 scendant,
403 3061 512 3148 stirpes
527 3057 768 3144 adscendamus,
790 3081 855 3128 non
874 3083 926 3128 eas
943 3073 1082 3152 tantum,
1097 3087 1180 3156 quae
1217 3111 1220 3119 -
1308 3063 1317 3078 '

211 3163 443 3230 recentissimae
476 3173 563 3248 sunt,
596 3181 738 3250 quasque
768 3162 904 3251 vulgaris
938 3165 1066 3255 linguae
1102 3191 1179 3238 usus
1217 3201 1222 3210 ·

213 3267 370 3352 celebrat,
390 3287 500 3332 rerum
523 3265 625 3366 etiam
654 3266 884 3354 antiquissimas
907 3269 977 3358 illas
1001 3282 1096 3360 atque
1117 3273 1180 3339 ob-

213 3371 337 3454 soletas,
370 3389 505 3456 quarum
538 3368 667 3457 vestigia
699 3369 803 3436 adhuc
833 3369 917 3458 apud
938 3374 1112 3442 Homerum
1135 3397 1178 3442 a-

212 3475 335 3563 liosque
369 3483 488 3539 veteres
521 3479 629 3559 poetas
672 3485 847 3561 supersunt.
915 3475 1001 3559 Quid
1036 3477 1178 3562 exempla

213 3573 413 3646 memorem?
456 3577 552 3643 Plura
586 3576 644 3664 qui
676 3575 847 3661 desideret,
879 3575 970 3642 adeat
1002 3576 1058 3643 ille
1089 3577 1176 3645 Len-

212 3683 343 3770 nepium
362 3693 395 3746 et
418 3679 601 3754 Scheidium
618 3679 657 3748 de
673 3677 845 3768 Analogia
862 3679 993 3768 linquae
1015 3673 1175 3767 Graecae,

212 3799 244 3853 et
270 3785 374 3852 rideat
404 3785 513 3870 simul,
549 3807 645 3874 quam
679 3785 837 3852 incassum
859 3781 908 3848 illi
932 3783 1109 3872 saepissime
1138 3787 1174 3852 in
1261 3829 1264 3835 ,
1357 3785 1360 3791 ’

208 3889 293 3954 vocis
318 3899 421 3975 etymo
451 3885 639 3953 venditando
664 3885 858 3974 susceperint
885 3885 1042 3973 laborem,
1070 3889 1114 3954 ita
1137 3900 1174 3955 ut

209 4013 301 4060 voces
327 3993 509 4078 nonnullas,
532 4013 613 4080 quae
648 4013 685 4062 ex
717 3991 820 4058 alieno
846 3987 911 4054 solo
942 3991 976 4055 in
1007 3990 1173 4058 Graeciam

209 4097 270 4162 sint
290 4097 474 4178 translatae,
497 4116 533 4160 ex
553 4093 674 4160 Graeca
695 4091 829 4180 quadarn
858 4093 952 4180 stirpe
978 4090 1087 4160 ductas
1109 4115 1173 4174 re-¹

210 4197 344 4286 luerint,
367 4190 571 4279 Scholiastas,
594 4195 705 4284 credo,
726 4195 786 4264 hac
810 4195 845 4261 in
874 4217 908 4264 re
935 4195 1035 4262 secuti
1060 4209 1174 4264 aucto*

1046 4299 1061 4358 l

1369 2041 1378 2130 l
