2886 4826
585 521 759 581 ..39-

194 698 328 786 μορίταις
347 693 410 785 (1),
440 695 619 783 dequibus
644 699 871 783 Harpocration
897 697 989 766 dicit:
1017 703 1160 790 σομμορί.

195 829 250 868 ται
284 803 316 893 δὲ
348 805 403 868 εἶσὶ
437 806 467 868 οἱ
497 809 551 884 τῆς
580 803 673 883 αὐτῆς
707 803 880 890 μετέχοντες
909 807 1070 890 συμμορίας
1099 806 1156 895 (2).

195 902 411 968 Pulcherrima
432 924 464 966 se
487 901 584 968 babet
605 904 660 968 ille
685 906 789 990 locus,
804 917 835 970 et
857 907 938 970 riam
963 907 1053 994 quasi
1073 919 1158 972 ster-

195 1005 256 1088 nit,
278 1016 314 1069 ut
337 1006 550 1092 intelligamus
572 1008 720 1072 eranistae
741 1031 830 1073 suam
855 1018 1015 1096 quemque
1032 1013 1159 1097 portio-

194 1130 267 1172 nem
301 1110 462 1195 conferre,
495 1111 581 1178 heutl
618 1133 707 1178 secus
739 1134 775 1178 sc
809 1112 845 1178 fit
875 1114 957 1178 inter
988 1118 1160 1202 symmori-

194 1224 239 1276 tas
267 1209 322 1302 (3).
368 1213 419 1278 Ad
454 1215 609 1282 Eranistas
634 1215 744 1282 reierri
769 1215 1001 1303 quodammodo
1030 1231 1159 1304 possunt

195 1317 328 1404 eollayia
369 1317 541 1394 sodalitio,
583 1341 720 1406 quorum
759 1319 795 1384 ir.
832 1323 846 1382 1
880 1319 916 1384 D.
949 1317 988 1384 de
1024 1321 1095 1384 coll.
1129 1332 1160 1384 et

194 1442 278 1506 corp.
304 1419 423 1484 mentio
449 1421 588 1486 occurrit
609 1419 665 1510 (t).
718 1421 831 1504 Qualia
854 1422 968 1488 Gracci
995 1422 1078 1486 Juris
1101 1422 1160 1486 in-

193 1532 343 1608 terpretes
377 1530 550 1606 συστήματα
584 1534 710 1589 vocant:
749 1525 794 1589 sic
822 1524 944 1592 Graece
971 1525 1005 1590 in
1034 1525 1158 1590 Basilio.

194 1632 365 1708 συστήματα
386 1631 521 1712 ἑταιρικὰ
542 1627 663 1692 reddita
687 1639 760 1692 sunt
783 1626 796 1717 (
818 1626 839 1704 l.

637 1729 665 1814 ς.
690 1733 719 1794 4.

235 1829 365 1894 Etiamsi
398 1850 433 1893 ex
464 1829 587 1894 Solonis
621 1831 691 1917 lege
727 1830 791 1915 illi,
826 1835 882 1919 qui
913 1833 946 1898 in
977 1831 1158 1916 hujusmodi

194 1934 364 2020 collegium
400 1932 660 2018 admittebantur,
697 1933 802 1998 vocari
837 1935 973 1998 solerent
1007 1943 1156 2014 σιΙσοιτοι,

193 2037 239 2100 nil
261 2047 321 2119 est,
344 2033 431 2122 quod
459 2034 624 2100 credamus
649 2057 702 2102 eos
727 2037 861 2102 convivii
886 2048 1007 2104 tentum
1037 2037 1160 2102 ineun-

194 2135 226 2200 di
260 2157 354 2202 causa
385 2137 578 2201 convenisse:
618 2148 741 2202 tanturn
773 2140 858 2203 onim
891 2141 995 2221 abeat,
1029 2151 1065 2204 ut
1098 2139 1159 2208 troo

194 2238 324 2302 consilio
348 2238 531 2303 societatem
552 2242 776 2324 contraxerint,
799 2253 835 2304 ut
856 2240 895 2306 de
914 2241 1075 2306 sacrificiis
1094 2265 1160 2327 po-

192 2341 252 2405 tius
277 2341 479 2428 cogitaverint
486 2364 495 2424 3
527 2341 581 2406 sed
607 2340 866 2428 quandoquidem
896 2363 971 2406 oum
997 2341 1159 2408 sacrificiis

203 2529 551 2544 Ἣ

224 2617 264 2688 (1)
283 2617 317 2668 L.
335 2616 419 2669 Vlll.
437 2635 457 2668 s.
479 2617 537 2667 144.
555 2615 648 2684 ibique
665 2614 838 2682 interpretes;
856 2613 890 2666 cf.
902 2612 1013 2666 Salmas.
1031 2613 1064 2665 de
1081 2613 1162 2668 Usar.

190 2702 221 2755 C.
241 2704 267 2755 3.
284 2720 312 2770 p.
330 2705 379 2769 513
406 2703 467 2755 add.
485 2701 600 2756 Miscell.
618 2701 717 2753 dolens.
735 2699 767 2752 C.
786 2700 814 2751 2.
836 2718 864 2768 p.
883 2699 918 2751 29
938 2705 965 2752 et
983 2701 1025 2752 31.
1064 2699 1105 2770 (2)
1126 2699 1162 2752 V.

188 2786 216 2836 in
233 2801 291 2838 roc.
309 2785 472 2855 Σιιμμορ4σ,
499 2786 592 2854 ibique
609 2782 732 2836 Valesius
749 2799 777 2850 p.
795 2782 829 2832 72
846 2789 872 2832 at
889 2782 941 2846 73,
968 2782 1015 2850 qui
1031 2782 1110 2836 docet
1126 2785 1164 2836 il-

187 2869 234 2920 lud
260 2886 355 2922 munus
381 2871 443 2937 (τοῦ
465 2872 633 2940 σιιμμορίτου
661 2869 731 2938 scil.)
757 2886 811 2920 non
834 2868 915 2920 fuisse
939 2869 1091 2936 personale,
1119 2870 1164 2922 aed

189 2952 395 3021 possessionibus
421 2951 570 3015 indictum,
598 2951 634 3002 ita
660 2957 690 3000 ut
707 2968 741 3002 ne
758 2950 856 3019 pupilli
872 2949 981 3018 quidem
1000 2947 1080 3019 hujus
1098 2967 1165 3002 one-

188 3035 224 3087 ris
250 3036 380 3088 immunes
404 3039 497 3086 essent.
533 3031 599 3084 vid.
624 3031 766 3084 Demosth.
798 3041 890 3086 contra
918 3031 1063 3101 Aphobum
1087 3033 1164 3086 Orat.

190 3115 203 3167 1
232 3124 259 3168 ct
283 3115 323 3168 11.
350 3116 464 3184 passim,
495 3113 549 3168 vid.
576 3113 653 3167 Torn.
680 3113 719 3166 ll.
753 3115 785 3166 li.
830 3115 873 3168 Cf.
907 3115 1018 3168 Salmas.
1050 3117 1163 3170 Miseell.

189 3201 288 3274 ueiens.
317 3199 349 3251 C.
371 3201 397 3251 2.
422 3219 449 3267 p.
467 3200 511 3251 31.
557 3199 599 3268 (3)
620 3198 663 3250 De
691 3198 850 3268 Symmoriis
875 3198 1043 3254 vehementer
1067 3219 1165 3253 errasse
1190 3231 1194 3239 ·

189 3281 346 3337 Salmasium
373 3284 414 3353 (in
441 3283 555 3335 Miscell.
585 3282 684 3336 defens.
709 3283 741 3336 C.
760 3283 786 3335 2.
807 3303 835 3351 p.
852 3285 907 3352 30.)
935 3284 1014 3336 docet
1033 3283 1166 3336 Heraldus

190 3369 219 3420 in
243 3365 385 3421 Observat.
411 3365 445 3418 ad
461 3365 510 3419 lus
529 3367 587 3418 Art.
608 3373 635 3417 et
653 3365 730 3417 llom.
749 3364 801 3417 v1.
821 3365 847 3416 2.
883 3363 960 3440 Quae
977 3372 1064 3417 tamen
1083 3385 1166 3435 quum

189 3451 223 3505 ad
247 3457 364 3503 nostram
380 3449 516 3502 materiem
534 3443 624 3500 ‘minus
640 3447 755 3512 saciant,
775 3448 871 3500 omitto
890 3449 1026 3516 prudens,
1045 3465 1079 3500 ne
1100 3449 1166 3516 quid

100 3535 105 3544 “
189 3531 238 3589 hac
263 3536 292 3587 iu
318 3551 347 3586 re
372 3531 524 3606 alterutrius
545 3531 688 3584 sententiae
705 3529 874 3584 detrectetur.
911 3527 1023 3581 Glossae
1043 3528 1165 3583 Graeco-

188 3615 315 3668 Latinaa:
335 3619 472 3686 συμμορία
488 3622 643 3684 exponunt,
663 3615 875 3674 wntubemr'um,
895 3614 1002 3678 sartio,
1023 3614 1165 3681 collegium.

188 3698 254 3752 vid.
274 3715 356 3764 porro
375 3696 569 3749 Demosthenes
586 3698 614 3748 in
632 3694 709 3748 Orat.
727 3696 793 3765 περὶ
811 3692 973 3762 συμμοριῶν.
992 3711 1021 3762 p.
1033 3695 1094 3746 177.
1104 3713 1164 3764 sqq.

188 3779 221 3834 T.
240 3785 264 3835 1.
282 3781 333 3848 R.‚
353 3783 401 3836 nbi
415 3782 545 3836 Libaniua
561 3783 590 3834 in
606 3779 743 3834 Orationis
761 3783 911 3846 argumento
927 3777 1009 3830 dicit:
1029 3783 1165 3850 συμμορία

188 3871 264 3940 παρὰ
289 3876 347 3927 τοῖς
371 3869 508 3930 deceroto,
529 3869 562 3918 τὸ
579 3867 634 3919 τῶν
657 3864 888 3936 λειτουργούντων
905 3863 1057 3930 σύνταγμα.
1094 3864 1164 3919 Cae.

188 3962 276 4008 terum
303 3955 336 4007 ad
363 3952 431 4008 hanc
458 3954 614 4008 Orationem
643 3949 759 4003 conferri
784 3953 900 3998 meretur
917 3947 1034 4001 Doctisa.
1054 3947 1165 4001 Amers-

187 4039 279 4092 soordt
303 4039 332 4090 in
358 4038 437 4107 Disp.
470 4037 503 4090 de
532 4035 734 4089 Atheniensium
763 4029 930 4100 Symmoriis.
972 4029 1006 4084 L.
1026 4030 1057 4084 B.
1085 4033 1163 4093 1821,

190 4121 232 4253 ἓξ)
252 4121 331 4175 Conl.
349 4123 384 4175 fr.
404 4125 420 4174 4
439 4121 477 4176 D.
495 4123 528 4176 de
545 4121 608 4176 coll.
628 4127 654 4174 et
672 4135 747 4186 corp.
785 4118 825 4188 (5)
845 4113 882 4172 V·
904 4115 1013 4173 Salmas.
1031 4118 1065 4172 de
1080 4116 1164 4173 Usar.

217 4237 223 4253 .
243 4205 267 4254 3.
285 4206 374 4271 12:51.
