2886 4826
664 510 825 570 ..40-

249 697 370 782 epulae
394 702 483 758 erant
511 691 718 776 conjunctae,
741 702 776 754 ut
801 691 868 775 jem
897 689 930 753 in
956 693 1106 757 conviviis
1131 696 1224 760 solu-

210 818 215 834 *
256 799 390 866 tioribus
427 794 598 862 obtinuisse
635 793 770 859 vidimus
802 790 868 882 (1),
904 813 967 856 non
1002 806 1068 858 erat
1100 797 1223 862 incon-

256 921 388 989 gruum,
424 909 461 963 ut
489 917 577 962 sacra
609 895 787 961 inciderent
822 905 963 981 tempore
997 900 1119 984 messis,
1157 923 1222 988 quo

255 1002 355 1088 major
379 1012 458 1068 esset
479 1000 642 1066 iructunm
663 998 770 1084 copia,
793 1018 930 1084 quorum
955 998 1048 1064 simul
1068 1002 1224 1086 primitias

255 1104 496 1189 consecrabant,
527 1115 565 1168 ut
596 1102 732 1168 honores
761 1102 827 1166 Diis
865 1103 1059 1190 tribuerent,
1098 1108 1223 1196 sibique

254 1212 399 1297 requiem
429 1227 505 1274 cum
536 1209 694 1296 voluptate
720 1209 924 1293 conjunctum
949 1211 1138 1297 praeberent
1162 1211 1221 1302 (2).

255 1315 362 1397 Quare
394 1313 442 1377 illi
473 1320 617 1395 σύσσιτοι,
651 1325 687 1376 ut
719 1311 938 1378 animadvertit
969 1313 1137 1382 Salmasius
1155 1314 1223 1405 (3),

254 1417 385 1481 minime
410 1414 626 1480 confundendi
647 1427 719 1480 sunt
744 1437 818 1480 cum
838 1417 889 1501 iis,
922 1418 978 1502 qui
1003 1420 1041 1483 de
1062 1421 1220 1507 symbolis

255 1519 448 1602 coenabant,
482 1539 618 1606 quorum
650 1519 776 1582 trullum
809 1529 875 1582 erat
907 1519 1096 1605 collegium,
1123 1533 1160 1585 ut
1184 1543 1220 1585 ex

254 1623 440 1706 Terentiano
475 1621 613 1709 quodam
643 1621 716 1686 loco
750 1621 818 1705 jam
849 1618 984 1684 vidimus
1020 1619 1077 1709 (4).
1136 1623 1223 1703 Quid

255 1727 383 1793 tandem
412 1727 562 1790 salmasio
587 1727 621 1790 in
648 1713 788 1790 ment'em
813 1726 947 1810 venerit,
977 1724 1097 1790 dicenti
1122 1749 1222 1792 unam

254 1837 318 1900 τῶν
351 1835 515 1918 ἰρανιστῶο
546 1830 742 1896 sodalitatem
774 1829 858 1916 apud
882 1827 1088 1894 Athenienses
1108 1830 1221 1916 luisse,

254 1957 337 2022 qnae
366 1936 455 2000 nulla
486 1936 548 2000 elie
581 1935 620 2000 de
654 1959 748 2001 causa
784 1936 980 2020 conveniret,
1012 1937 1073 2000 nisi
1097 1937 1221 2002 utoni
1313 1952 1316 1964 ·

255 2042 458 2127 epularentur
483 2039 646 2123 nonnulli,
669 2039 817 2104 societate
843 2037 968 2104 adhoc
994 2050 1116 2104 tanturn
1141 2059 1223 2103 con-

255 2155 370 2227 tracta,
403 2163 468 2208 non
500 2141 591 2206 video
607 2139 673 2232 (5).
729 2143 796 2206 Nec
827 2141 899 2205 satis
924 2163 1012 2205 suam
1035 2142 1223 2207 sententium

255 2247 369 2334 probet
389 2255 592 2333 argumento,
624 2241 710 2332 quod
740 2267 776 2308 er
805 2243 961 2332 Hesychio
985 2245 1086 2329 elicit,
1115 2248 1224 2330 ἔρανον

257 2375 325 2418 esse
348 2354 412 2418 τῶν
434 2348 557 2416 πολλῶν
584 2348 731 2434 eduxisse
761 2359 806 2411 est
832 2348 918 2411 enim
943 2348 1027 2412 vocis
1055 2350 1164 2435 εὐωχία
1189 2369 1226 2414 ea

257 2455 359 2538 notio,
381 2473 463 2540 quae
483 2456 615 2538 ἐράνοις,
638 2451 664 2514 si
683 2473 736 2516 eos
757 2473 776 2515 a
798 2450 956 2536 principio
972 2449 1058 2516 unde
1072 2473 1224 2517 manare-

255 2559 334 2640 rint,
361 2566 500 2642 repetas,
529 2553 698 2640 praecipue
719 2552 815 2615 inest:
845 2550 900 2616 sed
921 2551 995 2616 inde
1018 2574 1083 2616 non
1105 2564 1224 2617 constat

138 2723 143 2726 .
256 2671 288 2724 et
323 2679 364 2722 ne
398 2655 551 2741 suspicari
582 2653 713 2741 quidem
744 2655 836 2737 licet,
873 2654 1009 2741 collegia
1040 2656 1224 2742 simpliciter

175 2775 178 2780 ’
254 2758 489 2825 convivantium
510 2757 622 2839 iuissc3
644 2757 794 2844 collegia,
817 2757 963 2845 inquam,
986 2781 1125 2844 quorum
1153 2781 1226 2824 erce

255 2873 336 2927 esset
360 2860 551 2934 communis,
576 2859 611 2922 in
632 2882 729 2947 quom
754 2861 885 2948 singulis
906 2863 1067 2927 mensibus
1088 2863 1225 2927 confer-

255 2977 327 3032 rent
353 2963 499 3029 conri'rae
525 2965 642 3050 stipem
672 2963 854 3049 sedulium,
882 2986 977 3050 quum
1004 2968 1113 3051 ἔρανον
1131 2975 1224 3028 vocet

256 3067 425 3135 Salmasius
446 3063 503 3155 (6).
544 3067 584 3131 lit
609 3067 634 3130 si
658 3066 698 3132 ud
719 3068 859 3133 Pollucis
884 3069 1009 3151 locum,
1037 3068 1090 3132 cui
1112 3067 1222 3134 titulus

253 3182 317 3257 est,
350 3173 417 3257 περὶ
443 3172 608 3254 συμποσίου
614 3220 624 3251 ,
656 3193 720 3259 quo
747 3171 891 3236 Salmesii
918 3170 1071 3236 sententia
1094 3172 1222 3258 nititur,

286 3381 716 3456 (UdemQLiL
764 3379 1225 3453 memmnmewstn.

252 3465 1228 3542 fflvumumeuspu(ummmmutuu

252 3550 1232 3626 fflfflUmfflstqsshffiwmfflmpfflmffl

251 3640 394 3693 discrimen
409 3637 510 3690 indicet
525 3637 595 3687 inter
613 3638 720 3706 colleqia
739 3643 766 3688 et
784 3637 957 3700 sodalitates,
977 3651 1057 3704 quern
1075 3634 1230 3688 distinctio-

250 3740 312 3774 nem
326 3724 358 3774 ab
376 3740 422 3786 eo,
442 3721 490 3772 ubi
509 3720 542 3771 de
558 3721 725 3786 σοοτὴμασο,
743 3736 811 3788 quse
829 3717 897 3782 sint,
917 3717 1013 3780 docet,
1033 3733 1087 3767 non
1109 3717 1230 3770 videmus

250 3807 355 3857 factem.
391 3803 446 3859 Sed
470 3821 554 3874 quum
579 3801 736 3855 Selmesinm
762 3802 813 3853 sibi
831 3801 987 3852 oblocutum
1004 3815 1059 3850 esse
1080 3799 1232 3852 verosimile

250 3907 306 3941 non
332 3890 385 3954 sit,
412 3888 520 3942 videtur
546 3886 627 3938 ultera
651 3889 708 3956 ejus
727 3885 853 3938 sententis
870 3882 1001 3936 inservire
1016 3881 1232 3948 interpretationi

251 3971 368 4040 prioris,
394 3971 432 4021 ito
454 3979 484 4022 ut
508 3969 619 4021 dubium
634 3968 755 4032 nonsit,
775 3967 840 4036 quin
858 3967 965 4034 colleqia
981 3962 1070 4014 latiori
1086 3978 1163 4014 sensu
1180 3979 1230 4014 nc-

252 4052 384 4121 cipiantnr
409 4069 489 4120 quem
505 4055 675 4117 sodalitates,
703 4067 769 4120 quas
786 4049 852 4102 dicit
871 4044 994 4100 contrahi
1010 4046 1081 4098 inter
1098 4063 1161 4111 eos,
1181 4047 1231 4116 qui

251 4131 387 4202 religionis
411 4141 438 4185 et
463 4134 647 4191 delectationis
671 4135 752 4200 gretia
784 4131 979 4186 consocientur.
1026 4128 1068 4199 (6)
1096 4127 1163 4183 vid.
1188 4131 1223 4184 de

250 4217 367 4283 Usuris,
387 4215 420 4271 C·
440 4218 464 4270 3.
483 4234 510 4283 p.
529 4217 573 4268 ts.
