2904 4826
670 499 866 566 -102-

282 692 426 758 curator,
449 679 526 766 dus,
547 681 710 770 magister,
732 684 858 770 proprie
880 674 1043 750 dicebatur
1064 692 1246 771 συμποσιάρ-

283 815 357 878 pepp,
389 807 485 876 quem
517 784 654 850 eundem
685 787 820 871 putarit,
849 797 943 875 atque
969 792 1151 875 ἐρανάρχην,
1180 787 1243 852 sive

281 893 410 980 collegii
442 891 646 958 eranistarum
673 889 885 980 praesectum,
915 891 954 956 de
980 913 1044 980 quo
1069 893 1244 979 Diogenem

280 993 438 1086 hortium
464 993 614 1081 cogitasse
635 994 804 1060 verisimile
824 1017 887 1060 non
912 1007 973 1081 est,
996 996 1113 1084 quippe
1132 995 1187 1061 cui
1203 993 1244 1058 de

281 1119 378 1166 erano
406 1121 425 1165 a
452 1098 580 1185 paucis,
610 1119 690 1185 quos
713 1099 807 1163 veliet
831 1120 930 1183 unus,
960 1097 1112 1186 petendo,
1142 1118 1245 1162 sermo

281 1212 363 1285 erat3
395 1223 485 1268 secus
519 1223 557 1268 ac
590 1203 625 1266 in
657 1202 799 1290 collegiis
820 1203 992 1268 eranisticis
1020 1203 1089 1268 ficri
1116 1203 1244 1268 solebat.

163 1391 165 1394 Ι
281 1302 411 1370 Adierat
440 1325 554 1390 nempe
587 1305 708 1370 amicus
736 1304 866 1391 quidam
893 1309 1076 1392 ἐρανάρχην,
1105 1305 1247 1370 amioum

281 1406 432 1470 nimirum
460 1407 573 1490 talem,
604 1408 732 1493 qualern
762 1406 881 1471 sciebat
911 1407 1082 1496 colligendi
1113 1407 1249 1494 prorin-

281 1510 365 1574 ciam
385 1509 478 1574 facile
498 1521 530 1573 et
550 1531 624 1574 sero
646 1511 739 1597 gratis
763 1524 997 1598 suscepturum
1019 1535 1083 1601 qno
1098 1532 1248 1599 praeser-

282 1611 339 1674 tim
374 1621 503 1674 auctore
533 1609 638 1695 fieret,
670 1621 706 1674 ut
736 1610 775 1674 ab
804 1614 872 1676 aliis
901 1619 998 1700 ἐράνῳ
1017 1617 1194 1701 juvaretur:
1218 1621 1249 1677 at

280 1711 436 1796 Diogenes
457 1712 547 1778 Canis
567 1711 678 1780 itidem
701 1716 810 1800 ἔρανον
829 1727 971 1802 rogatus,
993 1717 1153 1804 respondit
1171 1739 1249 1783 era-

281 1813 434 1881 narcbae:
464 1814 632 1881 »Frustra
655 1838 707 1880 stre
727 1838 834 1904 rogas.
881 1815 1009 1902 Quidni
1023 1822 1138 1907 potius
1162 1819 1249 1883 elios

281 1919 505 2006 „conponas”
549 1919 682 1985 Luditur
702 1921 851 1986 nimirum
877 1921 930 1987 htc
954 1923 989 1988 in
1013 1945 1103 1988 versu
1123 1923 1251 1986 Home·
1358 1952 1361 1963 .

283 2025 371 2109 rico,
404 2044 500 2112 quem
527 2021 650 2088 ridetur
676 2023 831 2111 Diogenes
858 2027 1057 2112 reformasse,
1086 2039 1118 2092 et
1139 2023 1252 2110 adid,

285 2129 325 2195 do
346 2149 411 2216 quo
432 2127 599 2214 agebatur,
621 2127 883 2194 accommodasse.
927 2131 1051 2196 Etenim
1072 2134 1182 2215 ἔρανον
1203 2132 1253 2193 αι’-

284 2241 426 2320 sodprooc
448 2229 603 2296 hocloco
629 2229 759 2316 passiva,
782 2253 845 2296 non
867 2232 989 2318 media,
1011 2232 1112 2298 formai
1131 2229 1250 2316 accipi,

288 2336 436 2404 orationis
460 2355 556 2398 nexus
581 2331 754 2419 Diogenem
775 2333 934 2399 Laertium
955 2335 1135 2422 inspicienti
1157 2331 1250 2396 iacile

288 2439 499 2532 persuadebit.
543 2437 587 2501 Ex
609 2438 738 2504 Heraldi
758 2439 978 2507 emendatione
999 2443 1133 2529 legimus
1154 2444 1254 2525 ἐράνι-

288 2549 340 2628 ζε,
373 2564 474 2632 quum
503 2541 648 2628 plerique
677 2563 785 2608 omnes
811 2543 964 2610 editiones
994 2544 1132 2610 habeant
1153 2547 1253 2628 ἐνάρι-

288 2648 320 2724 ζε
346 2643 404 2735 (l).
447 2645 501 2708 Est
521 2644 606 2708 enim
633 2647 781 2728 ἐρανίζειν
808 2667 883 2712 cum
909 2669 984 2713 casu
1009 2652 1157 2735 quarto
1146 2651 1255 2763 ε’ρανρν

279 2747 383 2818 ἀἰτεῖν
406 2744 462 2838 (2.)
508 2746 560 2810 Sic
582 2745 666 2832 apud
688 2747 862 2813 Luciannm
884 2755 1041 2833 αἰτήσαντι
1062 2747 1109 2840 (3)
1131 2749 1254 2835 accipio

288 2852 329 2918 de
359 2871 460 2938 egeno
493 2852 602 2935 ἔρανον
633 2863 778 2936 rogante,
806 2850 893 2938 quod
924 2864 1028 2918 tamen
1060 2851 1255 2940 a'Spanbe-

286 2937 352 3020 mio
378 2945 442 3044 (4),
470 2951 541 3036 sed,
570 2963 605 3016 ut
630 2953 778 3038 arbitror,
808 2954 913 3018 minus
937 2965 1041 3039 recte,
1068 2955 1254 3042 intelligitur

288 3055 328 3122 de
351 3076 404 3140 eo,
426 3055 483 3142 qui
505 3075 636 3120 coenam
659 3056 747 3142 petit.

287 3183 651 3202 Μ

320 3227 362 3297 (l)
380 3225 421 3282 Ut
444 3226 545 3278 scilicet
566 3225 594 3276 in
618 3224 753 3275 literarum
771 3224 942 3276 conversione
961 3232 1028 3277 esset
1042 3241 1158 3278 acumen.
1193 3219 1260 3276 vid.

258 3371 269 3389 ,
285 3312 398 3366 Herald.
415 3309 530 3365 Observ.
548 3317 575 3362 et
591 3308 703 3361 Emend.
721 3310 753 3360 C.
770 3311 821 3360 43:
841 3315 868 3360 et
886 3309 995 3362 veroin
1011 3310 1204 3377 pronunciandi
1214 3328 1261 3362 ce-

286 3397 390 3451 leritate
408 3397 515 3467 3ράννζε
533 3395 566 3446 ab
583 3395 690 3464 ἐνάριζε
717 3394 763 3446 vix
784 3394 818 3445 ab
841 3395 1008 3447 audientibus
1025 3395 1150 3464 distingui
1166 3401 1262 3462 potest.

239 3535 248 3554 .
286 3477 519 3550 Quemadmodum
542 3478 674 3546 Diogenes
699 3477 768 3528 dixit
790 3477 842 3530 ἀπὸ
861 3479 889 3528 d’
901 3478 1039 3548 Ἕκτορος
1053 3479 1132 3546 ἴσχεο
1151 3486 1261 3548 χεῖρας,

286 3563 326 3616 sic
351 3559 459 3633 quoq'oe
485 3561 513 3613 in
537 3561 625 3614 verbis
649 3560 795 3628 saepissime
817 3559 881 3612 lusit
896 3557 1009 3625 Cicero,
1029 3561 1114 3612 veluti
1130 3561 1158 3613 in
1176 3558 1263 3626 Epist.

287 3646 323 3700 sd
340 3646 399 3699 Art.
422 3644 456 3697 L.
477 3643 572 3711 XIII,
599 3642 685 3711 Epist.
707 3645 739 3694 13
758 3649 785 3694 et
801 3642 836 3693 24
859 3641 968 3710 legimns
993 3642 1125 3703 stateem
1149 3639 1262 3711 Tpoau

288 3737 317 3784 et
342 3730 380 3782 sic
401 3727 558 3804 sescenties.
595 3726 637 3796 (2)
658 3725 704 3780 Sic
723 3744 749 3777 v.
766 3743 805 3795 gr.
825 3725 894 3792 opud
915 3721 1122 3776 Demosthenem
1136 3723 1165 3773 in
1183 3720 1263 3773 Orat.

290 3811 360 3865 IIIi⁸
382 3812 416 3863 de
434 3809 552 3882 Lycurgi
566 3809 658 3862 tiberis
676 3828 704 3878 p.
722 3809 805 3875 1484,
825 3807 903 3861 Tom.
921 3809 961 3860 11.
977 3808 1026 3874 n,
1053 3810 1130 3876 cujus
1144 3807 1266 3859 meminit

290 3895 448 3962 Harpocrat.
467 3896 495 3947 in
512 3908 539 3948 r.
550 3895 745 3966 Ἔρανίζοντες
753 3929 761 3956 ,
780 3895 825 3946 ubi
837 3893 898 3947 vide
908 3890 1045 3943 Valesium
1058 3909 1085 3958 p.
1097 3891 1140 3943 32.
1177 3892 1218 3961 (3)
1232 3889 1266 3942 In
1324 3915 1326 3918 ·

289 3975 402 4031 Timone
419 3977 446 4043 5.
462 3979 505 4028 55.
539 3975 582 4028 cf.
599 3975 667 4028 inire
683 3977 709 4044 p.
728 3980 770 4028 15.
813 3976 855 4046 (4)
876 3975 920 4028 sd
938 3972 1095 4028 Callimacb.
1115 3975 1136 4026 1.
1152 3975 1192 4042 b,
1218 3973 1265 4026 ubi

290 4061 372 4124 vide,
392 4077 460 4130 qnos
484 4060 591 4124 laudat,
620 4059 798 4129 Interpretes‚
825 4076 903 4129 quem
922 4057 1077 4110 sententiam
1094 4059 1172 4109 etiam
1193 4057 1268 4111 soret

292 4142 435 4199 Salmasius
460 4143 489 4194 in
507 4142 623 4196 Miscetl.
649 4145 747 4195 deseos.
765 4142 798 4195 C.
816 4145 842 4195 3.
859 4160 886 4212 p.
904 4143 940 4194 63
956 4148 983 4193 et
996 4144 1046 4206 653
1071 4143 1148 4196 aliter
1163 4150 1265 4209 umen,

291 4229 427 4290 streete,
451 4232 481 4276 ut
498 4226 613 4296 opinor,
638 4243 694 4280 rem
718 4225 824 4292 expedit
843 4223 986 4278 Heroides.
1021 4223 1087 4280 Vid.
1105 4227 1220 4283 Observ.
1238 4235 1266 4280 et

292 4302 405 4368 Emend.
426 4305 458 4362 C.
476 4309 510 4362 ts
529 4315 556 4364 et
573 4310 615 4362 tt.
633 4316 660 4363 et
679 4308 792 4366 Observ·
811 4308 844 4362 ad
862 4307 911 4362 Jus
927 4308 986 4363 stt.
1004 4315 1031 4364 ct
1047 4309 1125 4364 Rom.
1144 4309 1196 4368 v1.
1218 4315 1243 4365 5.
