2886 4826
690 523 849 628 ..ρο-

284 710 394 798 possit,
427 705 549 788 nescio,
580 703 762 790 praesertim
786 702 810 765 si
835 702 906 786 plus
928 701 1040 783 semel,
1071 708 1107 764 ut
1131 701 1243 766 merito

284 823 372 898 putat
394 809 560 876 Salmasius
581 804 644 896 (1),
667 805 765 870 iidem
788 802 908 868 sodales
935 815 1137 871 concurrant.

715 907 742 991 §.
769 908 818 969 11.

328 1016 369 1080 Ut
390 1014 430 1080 ad
454 1013 584 1079 modum
603 1012 639 1104 iu
661 1011 808 1075 conviviis
832 1009 895 1072 iltis
916 1007 1117 1085 ,celebrandis
1137 1031 1248 1075 rever-

284 1127 402 1201 mmor,
433 1115 606 1181 Aristotelis
636 1115 709 1197 illo,
739 1132 835 1199 quem
867 1109 976 1194 attuli,
1007 1111 1095 1195 loco,
1123 1113 1252 1197 paulis·
1297 1102 1304 1114 “

284 1241 341 1304 per
365 1219 560 1302 insistamus,
583 1219 893 1303 antropomereos
917 1211 1068 1278 dicentis:
1098 1220 1149 1280 sot
1175 1215 1254 1299 λαμ.

282 1332 427 1410 πραύνεται
457 1325 541 1407 παρὰ
566 1319 663 1402 μελαί
692 1313 757 1385 οἷον
790 1320 948 1401 ἐραοιοτὰς
974 1321 1108 1399 raptaue
1132 1322 1248 1385 ἑστιῶν.

284 1425 373 1506 Quae
396 1420 505 1506 rerba,
531 1419 652 1484 etiamsi
676 1419 849 1505 collegium
871 1418 1076 1483 eranistarum
1092 1432 1251 1506 spectent,

284 1528 356 1591 satis
393 1537 498 1590 tamen
530 1521 673 1586 indicant
704 1520 846 1584 convivas
883 1541 1046 1606 nunquam
1078 1521 1123 1585 ita
1148 1521 1251 1607 excipi

284 1641 444 1716 oportere,
479 1646 517 1690 ac
552 1625 577 1688 si
609 1624 680 1710 quis
708 1623 833 1708 nuptias
847 1622 1007 1687 celebret.
1052 1622 1146 1704 Quod
1171 1624 1251 1709 qui-

285 1734 357 1799 tlem
375 1733 424 1796 in
459 1727 606 1794 conviviis
637 1727 814 1792 Homericis
844 1726 930 1792 haud
961 1748 1050 1792 secus
1078 1726 1250 1790 obtinuisse

280 1841 347 1925 jam
382 1833 627 1912 observavimus3
670 1830 806 1895 vidimus
841 1830 927 1894 enim
963 1840 1117 1916 quatenus
1156 1827 1248 1892 distet

284 1943 390 2027 ἔρανος
420 1960 439 2002 a
467 1933 615 2000 conviviis
640 1933 704 1996 illis
728 1953 862 2018 pompae
890 1931 1009 2017 plenis,
1032 1931 1138 2017 qualia
1162 1942 1250 1996 erant

284 2044 425 2126 εἰλαπίνη
458 2050 489 2103 et
523 2043 634 2120 γάμος,
665 2057 801 2120 quorum
828 2040 919 2120 potita
943 2035 1096 2098 meminit.
1142 2032 1247 2115 Quare

284 2147 465 2214 Aristoteles
494 2164 562 2225 eos,
596 2141 651 2226 qui
676 2139 795 2202 sodales
822 2139 883 2202 sire
910 2139 1027 2204 amicos
1050 2159 1163 2224 magno
1185 2158 1250 2222 ap-

284 2264 396 2342 paratu
442 2246 612 2332 excipiant,
650 2244 763 2308 acriter
801 2245 997 2331 perstringit,
1034 2266 1109 2308 oum
1147 2241 1249 2307 dicat:

285 2353 490 2444 splendidior
514 2373 547 2414 eo
573 2350 672 2438 perit,
696 2370 797 2438 quom
816 2371 886 2435 por
907 2361 973 2428 τοῖς
995 2350 1096 2417 veluti
1119 2350 1152 2412 oi
1173 2349 1248 2436 quir

285 2458 468 2538 eranistae,
501 2475 600 2540 cepoe
635 2473 675 2515 oo
710 2452 744 2514 si
776 2453 960 2516 concivium
991 2452 1137 2539 nuptiale
1163 2451 1251 2515 eolo-

284 2561 410 2643 hroret,
433 2560 592 2644 exciperet
612 2553 668 2644 (2).
713 2555 801 2619 Licet
824 2555 921 2642 igitur
950 2553 989 2620 de
1017 2555 1157 2620 eranistis
1187 2553 1252 2618 ab·
1323 2597 1325 2604 ·

177 2690 178 2696 ¹
286 2663 386 2726 solute
410 2659 464 2723 hio
489 2680 590 2723 sermo
612 2659 667 2740 sit,
697 2657 831 2721 dubium
857 2668 960 2722 tamen
991 2679 1055 2722 non
1084 2669 1144 2743 est,
1174 2658 1252 2744 quin

285 2761 367 2826 illud
401 2761 579 2846 exemplum
621 2757 662 2823 ad
698 2781 822 2844 omnes,
859 2761 916 2846 qui
950 2757 1113 2825 communi
1149 2773 1254 2826 sumtu

287 2875 476 2946 coenantur,
499 2862 686 2944 referamus;
709 2884 813 2949 neque
836 2865 921 2928 enim
940 2863 1113 2950 putaverim
1125 2862 1252 2928 Aristo-

287 2969 383 3033 telem
405 2987 516 3031 rooem
541 2969 696 3051 tparanete
718 2965 781 3030 hoo
808 2966 880 3030 loeo
904 2970 1077 3052 όριοτιαῶς,
1101 2963 1155 3029 sed
1175 2986 1252 3028 ma-

288 3070 335 3158 gis
368 3071 522 3144 δεικτικῶς
550 3068 705 3152 attulisse,
739 3069 783 3132 ita
812 3080 850 3138 ‚ut
883 3091 992 3134 omnes
1021 3070 1165 3154 omnino,
1196 3070 1252 3156 qui
1294 3153 1299 3160 ·

288 3174 388 3240 socios
413 3174 608 3260 exciperent,
642 3174 704 3238 sire
728 3173 891 3238 communi
917 3183 1039 3257 sumtu,
1065 3173 1133 3255 ,sire
1160 3172 1253 3259 gratis

288 3373 641 3391 Μ

319 3470 361 3541 (1)
381 3469 424 3522 De
449 3466 555 3522 Usuris.
583 3465 616 3518 C.
641 3467 666 3517 3.
694 3484 722 3534 p.
741 3465 786 3518 52.
832 3465 873 3535 (2)
896 3466 1083 3531 Andronicus,
1113 3473 1159 3518 aut
1184 3468 1261 3537 quis-

283 3555 343 3625 quis
366 3559 405 3605 est
428 3547 632 3630 paraphrastes,
665 3548 699 3599 od
727 3547 762 3598 L.
789 3545 840 3600 IV.
868 3550 895 3599 6.
922 3543 1012 3600 Ethic.
1041 3549 1167 3616 exponit:
1205 3543 1262 3600 οἷον
1335 3617 1338 3622 .
1375 3589 1378 3593 .

283 3637 424 3706 ἓρανιστὰς
460 3633 535 3704 ἑστιᾷ
571 3631 817 3692 πολυτελέστατα,
853 3629 938 3701 ὥςπερ
976 3632 1002 3681 ελ
1036 3632 1137 3697 γάμους
1163 3635 1260 3684 terete.

285 3719 348 3790 Quo
369 3721 451 3789 igitur
470 3737 508 3771 ex
536 3717 598 3771 loco
620 3718 697 3770 facile
724 3717 815 3772 ridere
842 3723 899 3782 est,
926 3733 1005 3787 quam
1029 3718 1173 3769 absurdum
1193 3725 1261 3770 esset

283 3807 393 3874 ἐράνους
415 3803 623 3873 magnificentiae
644 3803 759 3872 speeiem
782 3801 896 3870 habere;
914 3805 1045 3873 integrum
1062 3803 1132 3855 enim
1153 3803 1261 3855 Aristo-
1313 3845 1319 3853 .

283 3887 345 3938 telis
374 3887 463 3938 locam
488 3889 510 3940 si
530 3889 712 3958 perlegamus,
736 3887 857 3940 videmus
875 3888 914 3939 ihi
936 3888 1043 3938 omnino
1060 3886 1178 3955 exempla
1193 3902 1264 3954 pro-

284 3971 371 4040 posita
396 3987 506 4037 eorum,
540 3972 588 4041 qui
615 3972 645 4022 in
674 3971 787 4023 modicis
816 3971 895 4021 rebus
922 3969 1079 4021 sumtuosius
1104 3984 1182 4037 qaam
1212 3983 1263 4032 par

229 4050 233 4058 '
285 4061 325 4107 est
341 4059 491 4108 versentur:
510 4054 606 4124 ἔρανος
623 4061 711 4107 autem
731 4061 790 4106 erat
810 4053 916 4116 κόσμιος
922 4087 930 4114 ,
948 4069 1003 4104 non
1018 4068 1081 4106 vero
1097 4050 1260 4116 πολυτελὴς.

285 4135 365 4272 giril.¹
378 4152 476 4286 pprrp2
486 4134 596 4190 Salmas.
619 4137 653 4189 de
675 4137 771 4194 Uentis
797 4135 830 4188 C.
849 4137 875 4186 3.
894 4153 921 4202 p.
938 4135 981 4186 55.
1001 4151 1060 4203 sqq.
1096 4131 1174 4185 Cous.
1192 4130 1263 4184 infra
