2886 4826
593 499 768 562 ..59-

197 681 273 749 osuiu
300 678 342 746 ὀὐ
379 677 627 767 dooleuodpesos,
663 675 732 746 ἀλλ’
763 677 859 764 ὥςπερ
891 683 924 745 ἐκ
959 682 1022 747 oo'os
1049 683 1165 768 lpum

198 785 240 846 τὰ
273 781 415 866 usplouro
442 787 614 865 νειμάμενοι
645 777 701 870 (1).
752 780 816 846 Sed
847 782 969 870 integer
996 785 1086 848 locus
1116 797 1164 850 est

197 882 370 972 legendus,
411 883 484 948 inde
520 906 538 948 e
573 883 676 948 verbis
709 887 762 950 sul
798 885 1053 972 παρακελεύονται
1082 890 1164 972 ὑμῖν.

198 987 344 1052 Attamen
375 988 464 1051 loeus
495 1008 560 1050 non
588 987 661 1050 setis
686 987 827 1053 iudicare
847 989 985 1076 ridetur,
1013 989 1053 1056 ed
1077 990 1172 1078 quod,

198 1088 287 1152 esoni
321 1109 421 1174 genus
454 1089 626 1174 pertineat,
659 1087 742 1153 illud
769 1101 948 1176 ostpduruos'
968 1095 994 1158 si
1019 1094 1164 1160 attendi-

199 1213 285 1278 mus,
314 1192 450 1280 intelligi
474 1203 574 1280 potest
600 1192 639 1258 de
668 1194 898 1261 &messuro
925 1219 1051 1286 eorum,
1080 1221 1162 1287 quoe

199 1319 235 1362 or
250 1299 403 1367 conriviis
414 1310 596 1384 supersunt,
616 1309 652 1363 ut
666 1319 773 1365 sensus
784 1301 838 1368 sit:
860 1304 909 1368 ito
922 1305 1011 1368 euim
1024 1303 1164 1369 diversis

200 1405 389 1489 nouutiir,
409 1426 444 1468 re
458 1404 596 1492 infecto,
616 1407 797 1469 ooouos'orrs
811 1405 1030 1484 discessistis,
1045 1430 1164 1496 puem-

202 1507 381 1572 admodum
396 1506 519 1594 populo
533 1505 848 1592 demortuarum,
871 1531 953 1598 quos
967 1531 1008 1574 eo
1017 1509 1165 1598 publicis

203 1612 361 1682 coumoiis
382 1619 567 1698 supersunt.
611 1607 657 1672 lte
682 1608 740 1673 itto
763 1607 927 1676 Aeschinis
948 1613 1040 1698 loeo,
1060 1611 1166 1678 miuus

202 1724 307 1778 tamen
336 1713 376 1780 ad
394 1727 531 1778 nostrum
557 1713 736 1798 materiam,
761 1733 858 1800 quarn
882 1715 1010 1801 quidem
1037 1715 1077 1781 od
1095 1717 1167 1780 tte-

200 1819 386 1884 mocretiam
406 1816 455 1908 (τὸ
467 1813 598 1904 πλῆθος)
622 1813 879 1900 Atheniensium,
902 1819 1028 1904 exponit
1048 1819 1168 1884 Herai-

1 1999 2 2028 ,
129 1930 131 1934 ’
200 1918 259 1984 dus
293 1917 358 2009 (2),
391 1920 455 2007 qut
487 1921 612 2007 rigente
641 1917 856 2004 Bemocratil,
891 1922 1027 2007 populos
1055 1924 1167 1989 solorio

201 2019 373 2112 (retosto'lu)
401 2033 532 2108 eccepto
561 2019 709 2086 concioni
744 2021 902 2088 intererat.
947 2023 1037 2106 Quae
1062 2025 1169 2093 omnia

201 2147 235 2190 se
267 2125 422 2192 addidisse
455 2124 586 2190 affirmet
616 2123 656 2190 ad
679 2122 845 2190 Aeschinis
869 2126 977 2190 locum
1001 2126 1169 2214 explican-

203 2227 296 2312 dum3
330 2227 386 2294 sed
412 2248 536 2311 resecr,
569 2249 611 2292 ue
635 2227 730 2292 nimis
753 2227 917 2314 probando
933 2227 1020 2293 nihil
1046 2229 1170 2314 proba-

204 2333 293 2397 verit.

632 2435 661 2518 ς,
686 2435 735 2497 12.

247 2541 316 2607 Ηοο
350 2540 447 2627 igitur
483 2535 680 2620 convivium,
712 2533 799 2624 qnod
823 2537 932 2622 ἔρανον
953 2533 1168 2623 appellatum,

168 2710 169 2728 ἶ
205 2643 457 2733 quotiescunque
472 2637 550 2705 socii
564 2638 784 2725 conuenirent,
802 2637 958 2704 celebrari
969 2637 1098 2703 solitum
1111 2657 1177 2724 op·-

205 2757 311 2832 pares,
332 2765 394 2832 quo
414 2743 487 2808 loco
504 2754 610 2808 tamea
625 2743 858 2828 celebraretur,
876 2763 942 2808 non
955 2743 1029 2810 satis
1039 2753 1171 2810 constat.

204 2849 346 2920 Verbum
367 2855 487 2936 toruis,
511 2847 598 2936 quod
622 2846 707 2935 apud
730 2847 929 2914 Aristotelem
950 2847 1090 2914 occurrit
1105 2845 1172 2939 (3),

205 2953 277 3018 satis
310 2973 441 3040 arguere
469 2952 592 3018 ridetur
624 2953 775 3018 eranistae
809 2975 875 3018 rrou
902 2952 1047 3020 babuisse
1069 2965 1170 3020 certos
1201 3014 1203 3020 .

201 3055 281 3121 bnic
307 3055 438 3128 consilio
464 3053 630 3120 destinatos
655 3054 757 3122 aedes.
807 3054 1019 3138 Quamobrem
1051 3055 1172 3120 alterna

201 3157 272 3222 rios
288 3179 392 3222 unum
410 3159 542 3222 alterurn
566 3157 722 3244 excepisse
744 3157 921 3223 verosimile
938 3169 993 3222 est.
1036 3157 1109 3238 Qua
1127 3157 1168 3224 de

203 3283 241 3326 re
258 3263 327 3347 jam
351 3281 445 3349 supro
470 3261 616 3347 abunde,
638 3271 674 3326 ut
698 3271 791 3348 puto,
814 3257 945 3324 dimersi
970 3254 1027 3348 (ll

248 3365 335 3430 llaec
369 3385 498 3454 quoque
530 3363 670 3432 eonvirie
699 3361 827 3428 modico
851 3359 946 3426 tuisse
964 3359 1065 3424 rotuu
1086 3357 1168 3422 Ari-

201 3466 345 3549 stoteles3
376 3487 440 3530 non
466 3467 552 3532 enirn
583 3465 812 3532 conveniebant
838 3473 960 3530 sumtus
982 3463 1092 3528 inanes
1114 3461 1169 3549 iis,
1245 3539 1250 3549 ἱ

204 3569 262 3656 qui
284 3569 339 3657 pio
356 3569 503 3658 ¹quodem
527 3571 591 3636 ritu
617 3577 757 3653 cotrent3
783 3591 881 3658 quare
908 3567 1029 3654 siquis
1053 3565 1087 3631 in
1107 3587 1168 3632 re-

205 3674 281 3759 bus,
313 3673 371 3738 ubi
395 3673 429 3740 id
452 3675 584 3740 minime
612 3675 682 3741 fieri
706 3675 886 3763 oportebat,
914 3672 1045 3738 modurn
1069 3691 1169 3736 exce-

206 3775 307 3862 deret,
332 3775 415 3864 πὰρὰ
437 3781 472 3844 τὸ
498 3778 569 3846 δέον
591 3760 666 3844 ium
688 3777 877 3866 impendisse
902 3775 1051 3842 dicebant
1075 3785 1168 3842 rete·-

236 4018 278 4089 (1)
297 4019 456 4088 rupes.
468 4020 555 4091 (us.)
573 4016 762 4072 remorre.
775 3995 1010 4089 sssqusworen.
1046 4014 1088 4085 (r)
1108 4011 1175 4070 vro.

196 4098 315 4158 Observ-
333 4103 367 4154 ed
383 4103 432 4156 Jus
448 4103 506 4157 tu.
522 4100 702 4157 etilom.V1.
718 4103 745 4154 3.
781 4101 824 4172 (3)
844 4099 1055 4156 victutum
1069 4098 1174 4154 tticum.

200 4181 235 4236 L.
253 4183 304 4242 tv.
321 4201 347 4240 e.
363 4187 390 4240 6.
408 4185 475 4242 suis
494 4185 626 4245 Dorallii.
663 4185 705 4258 (l)
723 4183 790 4242 vic
809 4183 842 4242 C.
861 4183 886 4240 l.
905 4184 933 4254 t.
951 4184 994 4240 lc.
1011 4199 1100 4254 supra.
