2904 4826
608 505 791 570 -107-

210 685 433 772 ’Eporlprrolor
467 696 591 769 contra,
629 696 665 750 ut
688 685 756 771 jam
785 706 879 772 supra
904 707 940 750 ex
968 682 1125 773 Hesychia
1151 698 1183 752 et

213 791 311 857 Suida
332 790 471 876 ostendi,
501 803 590 856 erant
614 791 680 875 illi,
702 790 759 878 qui
787 812 823 856 ex
847 791 948 856 eraois
969 800 1182 855 mercaturam

210 894 370 960 iaciebant
395 885 452 984 (l).
497 893 539 958 At
565 905 659 978 eruut
679 893 821 978 fortasse,
853 895 908 982 qui
930 893 1103 977 mirentur,
1126 893 1183 979 qul

212 996 332 1062 factum
357 997 411 1082 sit,
439 1007 476 1060 ut
500 995 645 1082 homines
670 997 761 1082 egeni
785 995 867 1060 hanc
895 996 1089 1082 provinciam
1114 997 1183 1062 aliis

213 1103 368 1168 locarent:
398 1121 552 1186 namque,
580 1110 616 1164 ut
641 1099 683 1163 ait
711 1098 895 1180 Salmasius,
926 1096 1053 1162 babitus
1076 1097 1184 1162 miseri

212 1200 380 1290 supplicis,
402 1213 433 1266 et
455 1223 512 1266 vox
537 1201 671 1288 querula
693 1201 830 1286 rogantis
854 1200 914 1264 sibi
933 1201 1091 1266 subreniri
1106 1222 1183 1266 ma-

213 1307 259 1394 gis
285 1306 396 1391 afficit,
426 1328 519 1393 quam
550 1304 761 1390 procuratoris
786 1302 871 1368 idem
896 1325 953 1388 pro
979 1304 1040 1368 alio
1063 1313 1183 1389 peten-

214 1409 255 1472 tis
280 1409 465 1473 tralatitium
500 1407 640 1473 officium
672 1403 728 1495 (2).
774 1405 845 1486 Quo
878 1405 976 1491 magis
1011 1417 1117 1470 autem
1149 1405 1183 1470 in

212 1531 281 1573 rem
304 1510 447 1596 inquiro,
477 1531 665 1596 eorumque,
700 1508 733 1570 in
763 1528 842 1593 quos
867 1509 954 1572 erani
978 1509 1072 1596 vulgo
1098 1529 1184 1574 con-

212 1612 409 1686 ferebantur.
427 1612 582 1678 miseriam
597 1633 670 1676 cum
685 1609 847 1675 honestate
859 1633 1084 1698 saepenumero
1098 1633 1183 1676 con-

179 1709 182 1714 ’
210 1717 356 1802 junctam
392 1715 513 1804 cogito,
546 1713 728 1800 praesertim
755 1715 778 1778 si
808 1714 986 1780 inciderent
1015 1716 1184 1782 miserrimi

212 1817 261 1882 illi
295 1815 439 1881 homines
474 1816 508 1880 in
548 1817 688 1880 amicum
717 1838 875 1881 morosum
909 1829 940 1880 et
973 1818 1182 1904 illiberalem,

215 1918 305 2003 cujus
325 1917 465 1982 indolem
486 1918 554 2002 jam
579 1939 673 2002 sopra
694 1916 911 1982 adumbratam
932 1905 1085 2002 vidimus3
1107 1920 1183 1986 hinc

213 2021 356 2108 inprimis
378 2021 499 2102 factum
525 2019 732 2099 crediderim,
757 2031 793 2083 ut
815 2019 909 2084 amici
935 2021 1043 2106 egeni,
1065 2042 1185 2086 veren-

213 2138 275 2210 tes,
308 2147 366 2209 ne,
396 2123 553 2188 amicitiae
579 2124 684 2210 specie
710 2123 879 2210 aliquando
909 2123 1012 2208 ducti,
1043 2123 1184 2211 rogando

213 2247 326 2313 parum
349 2225 558 2311 proficerent,
580 2227 645 2289 imo
667 2227 801 2312 graviori
821 2224 945 2291 tristitid
966 2226 1184 2312 afficerentur,

215 2334 324 2417 ἔρανον
361 2329 534 2416 colligendi
572 2331 767 2416 provinciam
806 2333 874 2398 aliis
912 2331 988 2396 inde
1020 2342 1186 2418 quaestum

213 2433 402 2500 iacientibus
436 2435 588 2498 locarent.
644 2434 685 2496 lli
718 2435 815 2522 igitur
852 2435 940 2500 orani
967 2433 1183 2516 redemtores,

214 2536 302 2604 baud
336 2557 425 2602 secus
459 2557 496 2601 ac
531 2536 591 2623 ipsi
620 2537 728 2624 egeni,
766 2538 883 2624 quippe
909 2540 1019 2624 ἔρανον
1046 2537 1086 2602 ab
1117 2537 1186 2602 aliis

216 2638 416 2726 colligentes,
437 2638 543 2703 vocari
568 2648 712 2723 poterant
734 2638 902 2722 συλλογεῒς,
926 2651 957 2704 et
980 2661 1053 2704 rero
1079 2639 1186 2704 inter-

216 2739 294 2804 dum
320 2739 449 2825 dyvpral
472 2737 535 2828 (3);
564 2761 605 2803 an
628 2738 676 2802 illi
701 2760 829 2826 quoque
854 2741 1008 2827 πληρωταὶ
1032 2731 1193 2808 diceren-¹

216 2852 283 2926 tur,
312 2862 349 2905 eo
377 2841 529 2906 nimirum
559 2863 670 2925 sensu,
700 2863 763 2929 quo
791 2843 946 2908 Heraldus
975 2849 1083 2931 ἐράνου
1105 2846 1185 2934 πλη-

214 2948 311 3030 ρωτὰς
339 2945 513 3030 acceperit,
544 2965 581 3008 ac
608 2945 634 3007 si
666 2945 831 3011 collectam
853 2948 958 3012 minus
985 2949 1117 3016 solidam
1145 2951 1184 3018 de

194 3057 273 3112 ‘suo
298 3047 445 3132 supplere
470 3057 673 3130 tenerentur,
697 3045 851 3112 affirmare
874 3071 937 3115 nou
961 3051 1069 3116 ausim.
1115 3053 1186 3118 Ne-

200 3171 278 3237 ,quo
302 3148 336 3214 id
360 3149 438 3216 adeo
461 3149 575 3216 docere
595 3149 718 3215 ridetur
740 3149 908 3216 Salmasius
928 3174 1016 3238 cum,
1042 3153 1082 3218 de
1097 3157 1185 3220 erani

215 3249 446 3316 redemtoribus
472 3254 622 3339 loquens,
652 3252 743 3318 dicit:
780 3254 842 3318 »Ut
869 3275 947 3319 ecce
972 3255 1060 3320 verbi
1085 3258 1186 3343 gratia

216 3352 330 3440 aliquis
352 3375 430 3440 opus
457 3353 554 3420 babet
579 3366 708 3421 centum
733 3357 853 3442 aureis,
883 3379 961 3444 quos
990 3359 1031 3424 ab
1057 3359 1182 3446 amicis,

216 3456 291 3542 quia
312 3457 418 3543 plures
441 3469 530 3542 sunt,
551 3469 652 3544 potest
675 3479 849 3546 corrogare.
894 3459 1003 3524 Eristit
1023 3461 1079 3548 qui
1102 3459 1184 3529 hauc

211 3629 583 3652 —ffl

249 3716 291 3786 (1)
311 3715 354 3770 Cf.
378 3718 405 3784 d.
424 3720 465 3771 13.
485 3716 514 3770 b.
533 3738 578 3784 c.‚
606 3720 652 3773 nbi
670 3720 871 3792 ἔρανεμπόλους
888 3739 920 3774 ex
935 3721 1070 3776 veteribus
1087 3720 1188 3776 Grem-

211 3798 313 3850 mrticir
341 3802 519 3868 exposuimus.
564 3803 604 3873 (2)
625 3803 692 3857 Vid.
717 3804 832 3858 Miscell.
862 3803 961 3856 defens.
984 3804 1016 3858 C.
1045 3808 1069 3859 1.
1096 3827 1124 3876 p.
1147 3810 1189 3860 1⁷.

216 3883 257 3951 (3)
281 3882 361 3934 Cous.
390 3886 488 3937 Pollux
516 3884 579 3938 Lib.
597 3885 653 3940 Ill.
672 3904 693 3939 o.
713 3887 781 3951 129,
800 3887 891 3956 ibique
909 3887 1079 3956 interpretes.
1116 3889 1189 3942 lad.

214 3961 326 4017 Salmas.
344 3965 377 4018 de
394 3967 492 4022 Uouris
516 3969 548 4021 C.
565 3971 591 4022 3.
607 3989 634 4039 p.
651 3971 695 4021 43.
711 3976 739 4022 et
753 3968 868 4022 Miscell.
889 3969 988 4023 deseos.
1005 3971 1037 4023 C.
1056 3975 1080 4024 l.
1099 3991 1128 4041 p.
1147 3976 1190 4027 13.

213 4061 273 4112 sqq·
313 4047 398 4101 Porro
424 4051 559 4123 ἀνυρταὶ,
587 4054 635 4122 qui
661 4053 732 4119 sint,
759 4053 812 4106 lato
837 4053 979 4121 exponitur
1005 4056 1034 4108 in
1063 4055 1191 4126 stephani

212 4123 295 4178 Thes.
315 4125 350 4180 L.
372 4129 422 4184 Gr.
440 4159 475 4175 -
493 4133 559 4188 vid.
577 4137 643 4188 edit.
661 4135 725 4188 Lot.
743 4137 846 4205 Paris,
866 4140 942 4208 cujus
959 4156 1045 4210 nuper
1061 4143 1192 4196 secundos

213 4209 355 4266 fasciculus
373 4215 492 4284 prodiit,
512 4219 540 4274 in
558 4237 583 4278 v.
603 4220 748 4293 Ἀγυρτὴς.
