2904 4826
660 457 882 542 -es-'

263 673 295 726 et
318 662 521 748 cerethaeos
544 658 606 724 hoc
629 659 756 726 nomine
779 658 929 744 conferri,
954 681 993 725 ne
1018 681 1148 746 eorum,
1170 660 1227 748 qui

263 761 482 848 redemissent,
510 760 622 828 fierent
642 761 770 858 proprii.
815 762 895 827 Nam
916 762 960 827 sic
985 763 1120 850 legimus
1143 763 1228 851 apud

263 865 506 932 Demosthenem
531 865 565 928 in
590 863 702 930 eldem
734 865 900 960 Oratione:
933 861 1024 933 οἶσθα
1051 869 1155 953 δ’έφη,
1183 870 1232 932 ὅτι

186 1021 192 1030 ,
264 972 318 1034 καὶ
345 973 376 1035 οἵ
403 975 489 1053 νόμον
519 967 685 1049 κελεύουσι,
714 974 767 1034 τοῦ
796 969 966 1056 λυσαμένου
993 976 1026 1038 ἐν
1052 977 1115 1040 τῶν
1139 970 1232 1037 πολε-

248 1076 340 1158 pter
378 1069 456 1140 εἶναι
496 1076 549 1140 τὸν
589 1072 741 1155 λυθέντα,
779 1078 834 1142 ἐὰν
869 1081 911 1160 μὴ
944 1077 1084 1162 ἀποδιδῷ
1124 1075 1229 1161 λύτρα.

262 1207 293 1244 α.
312 1178 395 1244 τ.-λ.’
407 1175 464 1268 (1)
508 1176 611 1264 Atque
631 1175 676 1242 ita
699 1176 829 1262 quidem
856 1179 896 1262 ii,
925 1179 982 1265 qui
1008 1177 1230 1261 contulissent,

187 1291 193 1306 ¹
265 1281 414 1367 publicae
445 1280 573 1344 utilitati
609 1282 825 1365 consulentes,
858 1281 952 1346 simul
983 1304 1039 1347 suo
1065 1281 1233 1370 commodo

264 1385 456 1450 consuluisse
485 1381 681 1446 ridebantur.
726 1383 886 1463 Quocirca
913 1382 1094 1469 hujusmodi
1123 1386 1229 1469 ἔρανος

264 1508 340 1551 cum
362 1485 508 1572 symbolis
534 1483 734 1548 convivarum
754 1485 986 1570 quodammodo
1009 1488 1146 1552 conferri
1164 1508 1231 1573 po-

263 1599 335 1652 test:
365 1607 503 1673 namque
528 1585 590 1649 hoc
618 1606 710 1650 sensu
732 1581 789 1652 vox
818 1589 900 1674 opud
921 1591 1158 1676 ¹Callimachum
1182 1587 1231 1680 (2)

262 1691 339 1776 poni
361 1689 440 1754 mihi
461 1687 593 1753 ridetur.

308 1795 437 1858 Summa
458 1794 554 1879 igitur
574 1793 621 1856 rei
636 1783 700 1858 huc
715 1792 812 1878 redit,
832 1796 958 1880 έρανον,
981 1796 1083 1883 qualis
1105 1818 1228 1862 occur-

213 1921 218 1932 ·
261 1899 303 1962 rit
321 1897 406 1983 apud
427 1897 684 1983 Demosthenem,
706 1902 983 1985 esse'peouniam,
1005 1901 1082 1964 licet
1102 1901 1136 1964 in
1154 1923 1230 1988 pu-

262 2001 385 2064 blicam
398 2000 594 2084 utilitatem,
624 2011 770 2064 tamena
788 2004 933 2088 privatis
959 2001 1079 2086 domm,
1101 2015 1134 2067 et
1155 2025 1229 2068 vero

263 2104 433 2170 ordinario
471 2100 565 2167 modo
606 2103 729 2189 erogari
761 2103 898 2188 solitam,
936 2103 1058 2168 etiamsi
1091 2104 1131 2169 ad
1162 2125 1231 2170 rem

261 2207 562 2275 eoncordiunriom
586 2207 790 2273 conferretur.

306 2309 357 2374 Ad
382 2331 478 2396 quem
503 2310 632 2394 ἔρανον,
666 2309 692 2374 si
719 2310 887 2374 utilitatem
912 2309 1077 2396 respicias,
1110 2331 1175 2375 non
1196 2311 1230 2374 in

260 2436 382 2498 unum,
413 2411 525 2476 sedin
560 2412 666 2497 plures
698 2413 792 2476 simul
816 2412 959 2478 homines
987 2411 1231 2499 redundantem,

260 2516 371 2582 referri
395 2533 523 2600 quoque
547 2523 648 2597 potest
672 2511 866 2578 Graecorum
891 2538 959 2580 mos
978 2515 1135 2600 pecuniae
1153 2536 1229 2580 me·

261 2617 418 2684 retriculis
451 2612 588 2698 dandae,
619 2613 705 2678 unde
736 2615 915 2682 libertatem
935 2618 1009 2681 illae
1035 2616 1095 2680 sihi
1120 2615 1231 2688 vindi-

262 2733 385 2804 carent,
407 2741 447 2783 ne
466 2719 601 2804 amplius
622 2718 715 2782 foedo
737 2721 881 2806 quaestui
900 2720 1143 2801 addicerentur„
1176 2721 1229 2786 Sic

260 2821 484 2888 Demosthenes
518 2820 552 2884 in
590 2821 739 2886 Oratione
776 2823 810 2886 in
849 2824 1000 2889 Neaeram
1028 2828 1080 2890 not
1108 2826 1230 2894 δίδωσιν

261 2929 344 3012 αὐτῷ
372 2926 548 3009 τάργύριον,
577 2928 594 2989 ὃ
623 2928 706 3010 παρὰ
729 2929 791 2991 τῶν
815 2925 919 2993 ἄλλων
945 2931 1078 3014 ἐραστῶν
1103 2929 1233 3010 ἐδασμο-

261 3030 475 3111 idrontum..
500 3029 609 3111 ἔρανον
633 3031 674 3102 εἷς
697 3032 754 3109 τὴν
778 3027 953 3114 ἐλευθερίαν
975 3030 1158 3111 συλλέγουσα
1173 3029 1230 3120 (3).

260 3132 343 3196 Hinc
369 3130 454 3195 enim
481 3128 615 3214 constat,
642 3131 858 3198 meretriculas
880 3136 1049 3219 pecuniam
1070 3136 1110 3201 ab
1135 3160 1229 3206 ama-

259 3234 381 3300 toribus
409 3243 588 3318 acceptam,
618 3244 769 3320 tanquam
802 3237 964 3303 solutionis
993 3241 1130 3326 pretium
1163 3239 1231 3331 (λυ.

258 3333 358 3424 τραγ),
379 3344 416 3400 ut
439 3334 627 3419 plurimum,
651 3337 773 3402 solvisse
795 3339 911 3405 lenoni.
957 3341 1019 3407 Sed
1030 3341 1110 3410 haec
1125 3345 1227 3412 obiter

260 3453 292 3506 et
314 3461 389 3506 cum
411 3436 502 3503 setrid
524 3437 650 3502 lectoris
673 3437 757 3504 dicta
779 3452 879 3507 sunto.

689 3543 718 3627 S.
743 3545 794 3608 13.

303 3647 456 3712 (laverunt
474 3644 572 3732 igitur
595 3645 710 3731 amici,
732 3645 836 3712 need
859 3661 1076 3736 paupertatem
1097 3651 1227 3740 redige-

258 3757 345 3811 retur
375 3746 513 3831 amicus,
534 3745 634 3826 unde
661 3771 801 3815 summae
837 3753 1016 3838 saepissime
1042 3753 1225 3822 hominihus

240 3848 407 3915 miseriae
429 3848 705 3935 contraherentur,
734 3855 931 3940 praesertim,
960 3856 986 3920 si
1011 3857 1082 3945 quis
1106 3857 1225 3946 judicie

290 4016 331 4084 (1)
359 4013 402 4067 ct.
431 4017 571 4070 Demosth.
599 4019 627 4071 iu
660 4018 859 4086 Nicostratum,
896 4041 923 4090 p.
949 4023 1026 4077 1249.
1049 4025 1077 4077 in
1111 4025 1160 4079 dn.
1186 4047 1228 4100 sq.

253 4097 332 4149 Tem.
359 4095 399 4148 11.
424 4097 456 4150 lt.
501 4101 541 4172 (2)
563 4099 595 4155 In
621 4100 717 4172 Hymn.
742 4105 770 4158 iu
792 4102 883 4162 Ceres·
903 4123 930 4164 r·
951 4107 1013 4161 te·
1038 4108 1080 4180 (3)
1101 4111 1132 4166 Ρ.
1151 4115 1229 4168 1355.

192 4195 194 4200 ’
253 4176 330 4232 Tom.
350 4176 390 4232 11.
407 4177 440 4232 R.
