2904 4826
621 473 780 537 ..01-

221 657 288 723 aeri
312 653 392 722 mibi
410 650 532 719 videtur
554 651 766 739 simillimum,
788 654 915 744 collegii
939 655 1039 722 sooios
1063 657 1181 724 alterna

219 759 291 826 vioe
325 754 513 824 eranarohae
541 754 734 841 provinciam
766 755 1012 842 administrasse,
1045 758 1092 822 uti
1114 759 1182 844 jam

222 863 296 928 satis
320 885 370 928 me
402 857 569 928 ostendisse
596 859 738 926 arbitror.
783 860 878 944 Quod
900 872 1007 926 autem
1032 861 1182 926 animad-
1273 921 1276 930 .

220 968 313 1033 vertit
340 965 525 1048 Salmasius,
549 969 716 1050 ἐρανάρχην
740 963 833 1030 fuisse
855 963 1017 1030 hominem
1041 965 1183 1050 opulen-

219 1083 303 1156 tum,
336 1069 393 1157 qui
424 1067 450 1132 si
477 1087 537 1130 usu
562 1067 695 1155 reniret,
720 1066 839 1132 sodales
867 1068 929 1133 sive
957 1066 1105 1132 eranistae
1125 1087 1182 1130 suo

220 1183 325 1238 sumtu
363 1171 520 1257 exciperet
546 1166 611 1260 (1);
639 1168 726 1235 haud
750 1171 815 1236 scio
841 1193 882 1238 an
905 1193 969 1236 non
996 1169 1030 1235 id
1054 1191 1090 1234 or
1114 1169 1205 1252 'ie-g

218 1276 361 1342 rentiano
390 1275 446 1338 illo
471 1272 560 1357 loco,
590 1271 647 1336 ubi
670 1270 841 1368 Chaereae,
868 1295 965 1362 quem
992 1271 1183 1340 adolescen-

218 1377 279 1442 tuli
302 1375 433 1464 quidam
458 1375 600 1442 oonsirio
623 1377 858 1462 praefecissent,
889 1397 990 1442 sermo
1015 1388 1076 1462 est,
1107 1376 1183 1441 ool-

219 1479 331 1566 legerit
351 1475 416 1568 (2);
447 1501 557 1544 rernm
584 1479 742 1544 enimuero
773 1478 860 1544 aliud
884 1490 930 1544 est
954 1479 1093 1567 aliquem
1115 1481 1182 1544 eli-

221 1601 309 1668 gere,
342 1581 397 1646 oui
432 1581 499 1647 dari
533 1583 610 1648 solet
641 1583 755 1670 pignus
786 1580 976 1674 (anemos),
1008 1583 1095 1650 aliud
1123 1607 1183 1650 so-

222 1683 271 1746 cio
304 1703 396 1748 arcae
429 1705 540 1750 euram
576 1685 781 1751 committere.
836 1685 900 1750 Sed
933 1684 1012 1752 bueo
1048 1689 1094 1753 nil
1125 1711 1182 1756 nos

219 1797 392 1852 morentur.
436 1789 495 1854 llle
524 1793 703 1876 ἐρανάρχης,
736 1798 891 1876 quatenus
915 1789 1057 1854 oonsirio
1081 1813 1182 1878 prae·-

219 1901 285 1954 erat
316 1892 480 1982 sociosque
515 1893 705 1981 excipiebat,
736 1892 840 1959 roeari
874 1891 994 1956 solebat
1024 1899 1181 1982 ἑστιάτωρ,

219 1994 295 2058 lieet
316 1998 466 2081 caeteris,
491 1999 547 2086 qui
568 1998 725 2083 adessent,
747 1998 854 2082 sociis,
876 1995 902 2061 si
920 1997 1087 2064 consilium
1107 1999 1182 2084 ipsis

220 2098 413 2182 propositum
439 2099 478 2165 ad
503 2101 606 2166 sirum
629 2122 771 2166 resecare
795 2100 942 2186 velimus,
970 2099 1032 2166 hoc
1053 2121 1181 2190 quoquo

220 2218 336 2264 nomen
369 2200 462 2271 facile
494 2203 592 2270 tribui
626 2203 771 2291 potuerit
827 2203 882 2267 Sin
905 2214 1008 2268 autem
1034 2204 1069 2269 in
1096 2207 1181 2273 socia

219 2305 282 2370 rim
313 2307 524 2396 inquiramus,
560 2316 716 2397 ἑστιάτορα
752 2309 965 2395 intelligamus
999 2329 1091 2395 eum,
1123 2312 1181 2398 qui

220 2407 296 2473 alios
329 2408 414 2476 domi
443 2413 591 2499 excipiat,
628 2433 756 2478 neeesse
791 2421 844 2475 est.
899 2409 963 2475 Sed
999 2423 1035 2476 ut
1069 2434 1180 2480 vocem

220 2514 376 2598 ἑστιάτορα
395 2514 519 2579 missam
539 2513 691 2580 faciamus
706 2511 769 2604 (3),
792 2512 832 2578 ad
855 2511 1044 2580 erauarchae
1065 2537 1181 2584 munus

219 2612 397 2700 redeamus,
420 2615 511 2700 enjus
535 2637 684 2701 personae
706 2617 868 2682 notionem
890 2639 908 2682 a
931 2617 1004 2684 siris
1024 2618 1181 2686 Dootissi-

219 2717 279 2782 mis
300 2717 415 2784 mirum
441 2717 476 2781 in
498 2715 629 2783 modum
650 2719 812 2785 confusam
838 2720 1020 2809 reperimus
1057 2721 1099 2788 dt
1123 2743 1180 2787 suo

219 2821 353 2908 quisquo
375 2823 497 2887 fruatur
514 2821 648 2908 judicio.
720 2872 724 2882 .

259 2923 370 2989 Noster
398 2930 576 3012 ἐρανάρχης,
599 2925 720 2990 ratione
745 2926 893 3012 convivii,
924 2925 1011 3013 quod
1035 2927 1182 2996 celebra-

217 3027 293 3093 bant
318 3027 485 3112 eranistae,
516 3049 579 3093 non
606 3029 743 3092 multum
764 3027 872 3094 aberat
901 3029 1183 3118 aSymposiareba

216 3131 251 3195 in
277 3131 424 3196 oondsiis
454 3129 669 3195 solutioribus:
700 3131 793 3215 eujus
818 3141 941 3215 tamen,
967 3141 1003 3194 ut
1031 3129 1181 3214 uidimus,

217 3253 282 3296 non
316 3241 382 3296 tam
417 3233 479 3297 late
513 3230 639 3318 patebat
668 3252 803 3317 munus,
835 3229 1093 3320 quandoquidem
1115 3253 1180 3297 non

219 3334 279 3400 nisi
308 3355 425 3400 coenae
449 3345 515 3399 erat
536 3333 722 3421 praefectus.

262 3435 450 3522 Ἐρανάρχης
474 3433 633 3502 interdum
653 3436 758 3504 uocari
781 3437 901 3504 solebat
920 3435 1092 3522 πληρωτὴς,
1115 3455 1179 3500 non

217 3549 324 3604 umen
361 3539 421 3624 ita,
457 3549 494 3604 ut
532 3539 653 3624 omnia,
689 3559 771 3626 quae
809 3538 1014 3606 eranistarum
1047 3537 1179 3603 oonsilio

218 3641 413 3728 perficiendo
457 3641 616 3727 deessent,
649 3642 811 3730 impleret,
846 3660 954 3705 aerum
984 3635 1070 3725 quod
1094 3635 1180 3702 haud

244 3911 286 3982 (1)
306 3910 372 3966 Vid.
390 3910 505 3967 Miscell.
526 3911 626 3966 defens.
643 3909 676 3964 C.
692 3911 719 3964 3.
736 3927 764 3978 p.
784 3909 828 3962 83.
843 3924 884 3976 sq.
928 3904 970 3976 (2)
990 3903 1056 3958 vid.
1075 3904 1183 3960 Terent.

211 3991 335 4048 Eunueb.
360 3995 417 4050 111.
442 4000 468 4050 b.
495 3998 572 4050 1-t.
596 3996 667 4050 oonl’.
687 3993 720 4048 G.
737 3994 762 4048 1.
780 3995 807 4061 d.
825 3993 852 4046 2.
871 4008 958 4059 supra.
995 3991 1037 4062 (3)
1057 3991 1101 4046 De
1118 4011 1184 4049 vocs

210 4075 362 4150 Ἕστιάτυρ
387 4081 488 4136 multus
517 4089 559 4137 est
585 4079 745 4149 Salmasius,
778 4080 808 4134 in
833 4075 949 4132 bliseeil.
976 4074 1075 4132 delens.
1098 4075 1131 4131 C.
1157 4079 1183 4130 3.
1245 4079 1247 4088 ’

213 4177 243 4230 r·
260 4161 304 4216 ⁷²·
321 4181 382 4234 us·
