2886 4826
695 483 834 544 ...4.-

282 667 452 736 sterhusius
483 663 546 757 (1),
584 662 661 730 huic
700 662 844 728 Salmasii
882 660 1052 728 sententiae
1089 681 1248 726 assensum
1339 715 1345 744 ,

250 771 444 860 praebens.
499 767 585 852 Quid
621 762 760 832 mirum?
814 765 867 828 Est
896 765 982 828 enim
1011 763 1090 830 adeo
1120 766 1250 854 antiqua

281 875 338 940 illa
356 896 430 960 vox,
461 884 498 939 ut
527 873 561 938 in
589 893 669 936 nora
693 867 829 957 quadam
853 867 974 954 origine
995 867 1147 934 tradenda
1169 871 1251 956 plu-

280 978 399 1044 rimum
433 977 606 1065 reperiatur
639 973 783 1060 periculi.
843 972 948 1054 Quare
979 972 1251 1040 Hemsteth'usium

166 1111 169 1126 ·
280 1094 423 1149 aeterum
443 1083 579 1170 uestigiis
595 1081 736 1145 insistere
757 1077 904 1142 maluisse
926 1075 1131 1162 crediderim,
1154 1089 1250 1164 quam

281 1205 394 1250 novam
417 1185 503 1249 vocis
529 1182 683 1269 originem
706 1179 855 1244 audacter
878 1188 1022 1244 statuere.
1068 1178 1129 1244 Sed
1149 1201 1250 1266 quum

280 1288 459 1374 Lennepius
487 1287 554 1372 jam
586 1289 695 1348 auctor
728 1279 892 1363 exstiterit,
924 1290 960 1346 ut
989 1301 1045 1346 vox
1078 1282 1183 1366 ἔρανος
1210 1280 1250 1344 ab

281 1392 355 1474 ’ἔρως
386 1385 502 1454 deduci
530 1395 649 1472 posset,
681 1404 733 1447 me
767 1382 859 1448 focile
885 1379 998 1446 addico
1026 1382 1093 1467 ejus
1117 1393 1251 1448 senten-

281 1491 353 1556 tiae.
397 1488 455 1572 dt,
476 1489 502 1552 si
524 1485 602 1575 quid
621 1483 728 1569 rideo,
747 1506 798 1548 res
817 1485 912 1570 paulo
930 1485 1022 1548 altius
1039 1496 1084 1550 est
1101 1497 1252 1571 repeton-2

283 1593 337 1660 da:
370 1613 508 1678 namque
532 1593 619 1676 tm,
651 1587 712 1654 sive
736 1589 801 1673 ἔρος
825 1584 925 1676 (setus
949 1585 1050 1653 iornra
1071 1586 1155 1673 tpud
1178 1587 1251 1652 110-
1314 1593 1318 1599 “

278 1717 404 1762 merum
428 1689 546 1782 obvia),
567 1689 653 1755 unde
678 1689 855 1774 Lennepius
881 1692 988 1775 ἔρανος
1010 1701 1114 1755 ortum
1137 1689 1252 1774 soluit,

279 1813 317 1868 ut
341 1796 532 1886 significaret
552 1794 598 1860 od
620 1793 806 1858 conicitiom
824 1793 1008 1878 pertinens,
1031 1791 1157 1878 proprie
1178 1791 1250 1855 ori-

281 1906 387 1993 ginens
407 1901 497 1968 ducit
517 1899 556 1965 ah
579 1899 659 1984 εἴρω,
681 1908 789 1980 necto,
812 1918 900 1980 roro,
923 1895 1015 1980 cujus
1037 1907 1125 1960 vetus
1150 1894 1249 1958 forma
1293 1934 1296 1939 -

280 2018 326 2072 est
350 2009 425 2092 ἔρνη
452 2003 529 2070 hino
551 2006 640 2088 ἰρὰιο,
663 2021 754 2084 omo,
776 1996 862 2085 quod
884 1998 1015 2063 verbum
1042 2019 1143 2086 quum
1167 1997 1247 2062 nihil

280 2109 369 2178 aliud
399 2107 460 2174 nisi
492 2115 611 2171 mutata
643 2104 704 2168 sive
729 2102 884 2189 producta
912 2103 1012 2168 forma
1036 2111 1088 2170 τοῦ
1111 2106 1168 2188 ἔρον
1191 2104 1250 2187 sit,

277 2213 314 2278 in
348 2231 442 2276 usum
477 2207 589 2273 abiisse
627 2203 832 2279 crediderim,
876 2214 913 2268 ut
948 2227 986 2269 eo
1023 2207 1248 2294 exprimeretur

277 2317 335 2401 ἴροο
360 2319 418 2397 τὴν
446 2309 551 2395 φιλίαν
562 2359 573 2392 ,
607 2308 668 2373 sire
691 2306 872 2392 hujusmodi
896 2307 989 2394 quid;
1021 2329 1058 2375 ac
1083 2311 1109 2374 si
1134 2332 1248 2377 amare

276 2415 399 2484 dictum
421 2414 460 2480 sit
479 2435 537 2501 pro
561 2425 703 2496 nectere,
726 2432 830 2475 sarcre
851 2411 1044 2478 amicitiam.
1088 2411 1174 2480 Haec
1202 2425 1248 2484 est

275 2542 347 2588 mea
368 2517 536 2602 sententia,
558 2516 612 2584 alii
634 2513 766 2582 meliora
787 2511 930 2582 viderint.

720 2618 748 2700 a.
772 2619 802 2680 2.

320 2723 495 2813 Hesychius
529 2723 573 2789 ait
605 2726 707 2807 ἐράοοιι
731 2719 907 2806 significare
934 2727 1040 2788 κενοῦν
1064 2720 1128 2812 (2);
1163 2723 1248 2790 unde

184 2897 187 2904 ,
277 2829 449 2896 Salmasius
475 2825 608 2890 verbum
637 2828 708 2910 ἐρᾴν
738 2824 800 2889 sive
832 2829 933 2910 ἐράοαι
955 2825 1040 2890 idem
1063 2848 1128 2891 esse
1154 2827 1248 2914 dicit,

277 2930 365 3020 quod
384 2929 602 3020 profundere,
624 2928 800 3015 cepenam
825 2926 881 3018 (3).
927 2931 960 2994 Si
989 2931 1033 2995 ita
1055 2953 1122 2996 rem
1147 2955 1248 3021 expe-

278 3033 369 3100 diunt
399 3027 599 3120 interpretes,
630 3029 741 3094 dicunt
770 3029 907 3116 aliquid,
939 3053 1049 3096 verum
1077 3033 1158 3100 illud
1181 3037 1249 3100 ali*

278 3136 356 3226 quid
387 3133 468 3200 nihil
502 3131 563 3216 est3'
598 3134 720 3198 nullam
756 3133 842 3198 enim
876 3136 1154 3221 argumentationis
1184 3115 1247 3204 siae

278 3239 479 3326 conjecturae
501 3235 635 3310 afferunt
656 3236 826 3320 rationem,
855 3236 900 3302 ita
918 3249 955 3302 ut
973 3260 1038 3303 non
1063 3241 1134 3305 satis
1155 3242 1247 3309 firmo

278 3365 317 3410 ea
342 3340 422 3408 milri
442 3338 584 3405 rideatur
606 3339 665 3403 niti
685 3337 898 3404 fundamento.
944 3339 1117 3406 Gatakerus
1142 3354 1247 3412 tamen

234 3533 235 3536 Ἴ
279 3446 320 3513 de
353 3465 430 3514 roce
463 3439 591 3508 abunde
624 3440 758 3528 disserit,
788 3441 971 3530 Hippocrati
994 3466 1057 3509 non
1082 3446 1264 3514 minimam·

216 3668 218 3672 ’
311 3671 354 3741 (l)
376 3669 535 3724 tunicatis
547 3669 581 3720 ad
598 3667 677 3720 Hom.
695 3665 793 3734 Odyss.
812 3666 846 3718 Δ.
862 3665 930 3730 226,
950 3668 997 3720 ubi
1013 3667 1079 3724 haec
1096 3675 1247 3728 annotarit:

275 3753 398 3824 »ἔρανος
412 3753 519 3822 proprie
534 3749 669 3821 significat
684 3766 788 3801 coenam
805 3749 976 3814 collatitiam,
996 3751 1029 3802 ad
1045 3770 1123 3821 quam
1139 3755 1252 3824 quisque

275 3834 477 3889 accensorum
510 3851 583 3886 suam
616 3839 720 3899 partem
750 3831 869 3883 confert:
901 3832 935 3882 ab
961 3832 1028 3902 lpdu
1047 3839 1153 3903 fundo,
1181 3838 1251 3889 unde

276 3919 401 3988 οἱξεράω
427 3919 551 3986 fiendo,
583 3916 730 3984 itidemque
760 3917 881 3968 venundo
915 3919 1039 3987 epilam·
1066 3917 1129 3974 hinc
1157 3921 1253 3992 ἔρανος

275 4023 292 4057 a
303 4001 459 4056 translatum
473 4000 525 4052 tuis
542 4007 568 4052 et
581 4000 740 4069 significavit
751 4005 887 4069 pecuniam
903 3993 1077 4072 collatitiam,
1100 4023 1168 4077 quac
1187 4023 1251 4058 ero-

275 4107 292 4140 n
302 4089 413 4158 gebatur
425 4087 453 4138 in
468 4083 587 4139 homines
603 4105 696 4156 egenos
711 4094 738 4138 et
753 4085 933 4154 indigentes.’'
971 4090 1012 4160 (2)
1034 4090 1066 4142 ln
1084 4109 1109 4146 v.
1127 4089 1250 4162 Ἐράοαν.

275 4173 319 4245 (3)
337 4169 453 4225 Miscett.
471 4168 568 4222 delens.
587 4167 619 4222 C.
639 4173 664 4222 3.
682 4189 709 4238 p.
727 4173 789 4236 ts,
808 4168 906 4224 Garat.
926 4173 945 4224 l.
966 4173 985 4226 l.

881 4441 917 4486 N
