2904 4826
721 503 903 566 -104-

312 685 362 771 gis
390 683 575 772 pmbemus,
608 685 696 770 jurat
728 706 885 772 apponere
916 687 1023 752 locum
1056 691 1202 780 Nepotis,
1240 698 1281 766 de

313 785 530 875 Epaminondd
549 787 630 853 hacc
650 789 818 852 sanantis:
840 790 1038 858 »amicorum
1056 794 1090 858 in
1112 817 1144 860 se
1161 799 1281 864 tuendo

309 891 436 956 »caruit
457 891 686 989 facultatibus3¹
701 890 764 956 {ide
789 889 828 957 ad
853 894 930 958 alios
955 895 1162 965 sublevandos
1185 925 1279 992 saepe

309 995 377 1060 usic
405 1017 479 1061 usus
500 1005 561 1078 est,
583 1005 620 1058 ut
641 997 736 1081 possit
751 996 890 1082 judicari
914 1002 1019 1067 ombia
1041 1003 1071 1068 ei
1091 1025 1166 1072 cum
1189 1011 1279 1074 ami-

308 1099 378 1164 oois
407 1099 503 1164 fuisse
533 1099 723 1164 communia.
768 1101 847 1166 Nam
870 1123 945 1168 cum
973 1115 1028 1170 ant
1052 1106 1170 1173 civium
1196 1132 1279 1188 suo·
1363 1139 1368 1151 ·

307 1225 402 1269 »rum
437 1201 551 1290 aliquis
582 1202 622 1267 ab
653 1201 794 1268 hostibus
826 1217 905 1270 esset
938 1219 1063 1295 captus,
1100 1221 1155 1276 aut
1187 1212 1276 1300 virgo

305 1307 423 1373 »amici
455 1305 573 1369 nubilis
605 1315 735 1391 propter
770 1321 987 1395 paupertatem
1023 1313 1176 1379 collocari
1209 1337 1275 1380 non

304 1423 444 1500 reposcet,
474 1410 650 1475 amicorum
677 1411 849 1477 concilium
876 1411 1027 1501 habebat,
1057 1425 1274 1506 sequentum

303 1509 462 1602 »quisque
495 1512 598 1597 daret,
627 1533 685 1598 pro
717 1515 871 1603 cujusque
898 1518 1102 1587 facultatibus
1129 1523 1275 1610 impera-

303 1621 394 1704 ubat5
416 1640 551 1707 eamque
572 1639 727 1684 summam
752 1641 826 1687 cum
847 1621 983 1711 iaceret,
1005 1627 1190 1714 priusquam
1209 1650 1273 1694 ac-

302 1723 446 1809 »ciperet
475 1721 646 1809 pecuniam
674 1720 852 1788 adducebat
882 1746 971 1810 eum,
1000 1727 1057 1814 qui
1084 1731 1272 1817 quaerebat,

300 1826 366 1891 uad
385 1849 453 1911 eos,
481 1825 537 1914 qui
551 1827 775 1892 conterebant:
805 1829 899 1916 eique
922 1840 958 1894 ut
984 1831 1044 1917 ipsi
1067 1847 1279 1912 numerarent¹

301 1929 477 2016 saciabat,
504 1929 621 1994 utillo
647 1929 687 1994 ad
712 1951 807 2017 quem
830 1953 868 1996 ea
888 1953 938 1996 res
959 1933 1174 2021 perveniebat,
1202 1939 1273 2002 soi-

299 2045 389 2117 uret,
413 2045 565 2121 quantum
591 2035 708 2122 cuique
731 2033 862 2100 deberet
882 2031 957 2126 (1).'’

346 2141 399 2205 Sic
422 2139 520 2228 igitur
541 2139 678 2205 obtinuit
702 2139 832 2217 Thebis,
856 2161 961 2227 noque
985 2142 1076 2206 aliter
1098 2141 1269 2210 obtinuisse

298 2244 492 2310 crediderim
513 2241 660 2328 Athenis,
683 2253 777 2329 atquo
801 2243 835 2307 in
861 2245 991 2309 caeteris
1013 2245 1165 2310 Graeciae
1185 2246 1270 2311 eivi-

301 2348 427 2412 tatibus.
476 2345 570 2410 Hisce
595 2345 722 2430 Nepotis
748 2345 850 2410 verbis
875 2348 1061 2434 perspectis,
1082 2337 1182 2412 'facile
1208 2369 1268 2412 ex-

298 2450 376 2516 inde
402 2459 522 2514 constat
540 2445 789 2534 Epaminondam
819 2449 1009 2514 eraner'ohae
1034 2472 1149 2514 munus
1174 2451 1268 2538 gratis

220 2607 226 2616 .
265 2583 280 2638 j
301 2556 460 2642 suscipere
487 2551 629 2635 solitum,
652 2572 713 2615 uec
736 2555 923 2639 tamenim,
946 2577 982 2620 ac
1009 2556 1035 2620 si
1060 2557 1187 2644 collegii
1207 2578 1270 2622 cu-

252 2663 256 2678 '
294 2659 421 2745 jusdam
448 2657 509 2721 hoc
535 2656 663 2720 nomine
687 2656 821 2721 instituti
842 2680 874 2722 se
897 2659 1096 2746 profiteretur
1115 2662 1266 2749 praefec-

296 2772 385 2844 tum,
414 2759 469 2824 sed
494 2759 592 2845 magis
614 2769 651 2822 ut
675 2770 754 2823 esset
779 2761 865 2830 erani
889 2761 923 2826 in
948 2763 1088 2828 amioum
1113 2763 1153 2828 ab
1178 2766 1267 2844 anri-

295 2865 345 2929 cis
376 2861 559 2928 conferendi
592 2871 711 2926 auctor.
763 2862 888 2928 Etenim
916 2865 941 2929 si
971 2888 1035 2930 non
1060 2865 1204 2944 aliunde,
1234 2879 1268 2934 at

293 2970 406 3035 saltem
437 2987 473 3031 ex
501 2987 594 3052 supra
627 2975 800 3029 memorato
830 2967 958 3054 Nepotis
986 2968 1058 3033 loco
1090 2969 1161 3034 satis
1189 2970 1264 3034 cla-

294 3072 404 3155 rescit,
427 3070 530 3152 nulla‚
553 3074 588 3132 ut
606 3067 673 3152 jam
699 3067 821 3152 saepius
842 3053 1014 3155 inculcavi,
1037 3071 1131 3135 fuisse
1151 3071 1185 3137 id
1206 3095 1267 3161 ge-

295 3200 355 3244 nus
391 3175 540 3262 collegia:
571 3195 709 3260 namque
743 3171 865 3238 disertis
898 3176 1001 3240 verbis
1031 3176 1126 3242 tradit
1154 3188 1266 3243 auctor
1296 3191 1298 3195 ’

293 3277 564 3370 Epaminondam,
617 3278 871 3366 quotiescunque
921 3279 1060 3345 amicum
1099 3281 1265 3368 reperiret,

290 3405 391 3473 quem
415 3384 558 3470 juvaret,
593 3383 768 3448 amicorum
803 3383 975 3447 concilium
1006 3383 1167 3470 habuisse3
1200 3407 1265 3475 quo

290 3491 416 3558 scilicet
436 3487 576 3556 concilio
601 3496 754 3573 quantum
780 3486 916 3575 quisque
938 3486 1040 3573 daret,
1068 3511 1126 3576 pro
1149 3489 1264 3575 cujus-

301 3698 643 3718 m

288 3821 347 3872 att.
365 3826 392 3870 et
410 3815 487 3868 Rom.
505 3813 560 3867 VI.
578 3816 604 3866 6.
621 3841 656 3856 -
673 3813 847 3884 Ἐρανάρχης
863 3831 917 3866 non
937 3813 1017 3882 magis
1035 3819 1092 3866 crat
1108 3813 1267 3885 πληρωτὴς,

286 3919 366 3972 quam
391 3898 506 3963 caeteri,
535 3895 583 3966 qui
610 3896 639 3947 in
663 3897 760 3949 amicos
787 3897 854 3966 quid
886 3897 1054 3962 conferrent,
1089 3898 1191 3968 quippe
1217 3901 1268 3970 qui

285 4002 336 4054 pro
354 3982 399 4033 sud
416 3981 528 4052 quisque
545 3979 669 4032 facultate
686 3980 827 4048 supplendi
840 3979 974 4048 negotium
990 3979 1161 4048 susciperent.
1186 3979 1266 4053 Qua-

286 4084 317 4120 re
342 4081 435 4118 vocem
450 4061 591 4132 πληρῶσαι
605 4063 633 4113 in
656 4059 709 4114 hoc
729 4079 835 4132 quoque
852 4079 931 4114 erano
949 4063 982 4115 de
999 4064 1095 4134 quovis
1113 4067 1265 4120 conferente

284 4149 390 4219 accipi,
409 4148 478 4200 inira
493 4147 520 4215 d.
539 4148 581 4200 18.
598 4147 736 4200 ostendere
755 4147 882 4200 conabor.
909 4145 964 4203 sed
973 4148 1019 4205 vix
1029 4166 1096 4219 opus
1106 4151 1158 4207 crit
1166 4151 1263 4209 verbis.

317 4231 364 4303 (l)
383 4228 450 4286 vid.
468 4228 497 4282 in
514 4225 579 4283 Vita
596 4227 794 4298 Epaminondae
812 4227 844 4282 C.
863 4230 888 4281 3.
912 4231 915 4236 ’
