<?xml version="1.0" encoding="UTF-8"?>
<!DOCTYPE html PUBLIC "-//W3C//DTD XHTML 1.0 Transitional//EN"
    "http://www.w3.org/TR/xhtml1/DTD/xhtml1-transitional.dtd">
<html xmlns="http://www.w3.org/1999/xhtml" xml:lang="en" lang="en">
 <head>
  <title>
</title>
<meta http-equiv="Content-Type" content="text/html;charset=utf-8" />
  <meta name='ocr-system' content='tesseract 3.04.00' />
  <meta name='ocr-capabilities' content='ocr_page ocr_carea ocr_par ocr_line ocrx_word'/>
</head>
<body>
  <div class='ocr_page' id='page_1' title='image "./specimenantiqua00holsgoog_0052.png"; bbox 0 0 2886 4826; ppageno 0'>
   <div class='ocr_carea' id='block_1_1' title="bbox 679 513 838 574">
    <p class='ocr_par' dir='ltr' id='par_1_1' title="bbox 679 513 838 574">
     <span class='ocr_line' id='line_1_1' title="bbox 679 513 838 574; baseline 0 -15"><span class='ocrx_word' id='word_1_1' title='bbox 679 513 838 574; x_wconf 77' lang='grc'>..38-</span> 
     </span>
    </p>
   </div>
   <div class='ocr_carea' id='block_1_2' title="bbox 258 691 1285 3681">
    <p class='ocr_par' dir='ltr' id='par_1_2' title="bbox 274 691 1238 782">
     <span class='ocr_line' id='line_1_2' title="bbox 274 691 1238 782; baseline 0.006 -24"><span class='ocrx_word' id='word_1_2' title='bbox 274 715 355 782; x_wconf 85' lang='lat' dir='ltr'>quae</span> <span class='ocrx_word' id='word_1_3' title='bbox 378 715 452 759; x_wconf 89' lang='lat' dir='ltr'>oum</span> <span class='ocrx_word' id='word_1_4' title='bbox 474 693 640 779; x_wconf 76' lang='lat' dir='ltr'>voluptatis</span> <span class='ocrx_word' id='word_1_5' title='bbox 660 705 691 757; x_wconf 89' lang='lat' dir='ltr'>et</span> <span class='ocrx_word' id='word_1_6' title='bbox 713 691 940 778; x_wconf 70' lang='lat' dir='ltr'>delectationis,</span> <span class='ocrx_word' id='word_1_7' title='bbox 966 705 1035 757; x_wconf 91' lang='lat' dir='ltr'>tum</span> <span class='ocrx_word' id='word_1_8' title='bbox 1056 715 1129 760; x_wconf 87' lang='lat' dir='ltr'>vero</span> <span class='ocrx_word' id='word_1_9' title='bbox 1145 699 1238 764; x_wconf 84' lang='lat' dir='ltr'>eliam</span> 
     </span>
    </p>

    <p class='ocr_par' dir='ltr' id='par_1_3' title="bbox 273 793 1240 870">
     <span class='ocr_line' id='line_1_3' title="bbox 273 793 1240 870; baseline 0.009 -11"><span class='ocrx_word' id='word_1_10' title='bbox 273 797 415 861; x_wconf 72' lang='lat' dir='ltr'>utilitatis</span> <span class='ocrx_word' id='word_1_11' title='bbox 444 817 537 862; x_wconf 80' lang='lat' dir='ltr'>eausa</span> <span class='ocrx_word' id='word_1_12' title='bbox 570 793 849 861; x_wconf 68' lang='lat' dir='ltr'>contrahebantur:</span> <span class='ocrx_word' id='word_1_13' title='bbox 886 798 966 863; x_wconf 94' lang='grc' dir='ltr'><strong><em>ἔνιαι</em></strong></span> <span class='ocrx_word' id='word_1_14' title='bbox 989 797 1022 862; x_wconf 79' lang='grc' dir='ltr'>δὲ</span> <span class='ocrx_word' id='word_1_15' title='bbox 1045 803 1108 866; x_wconf 83' lang='grc' dir='ltr'><strong><em>τῶν</em></strong></span> <span class='ocrx_word' id='word_1_16' title='bbox 1132 827 1240 870; x_wconf 83' lang='grc' dir='ltr'><strong><em>ιιοινοι-</em></strong></span> 
     </span>
    </p>

    <p class='ocr_par' dir='ltr' id='par_1_4' title="bbox 272 899 1238 986">
     <span class='ocr_line' id='line_1_4' title="bbox 272 899 1238 986; baseline 0.007 -20"><span class='ocrx_word' id='word_1_17' title='bbox 272 907 366 980; x_wconf 82' lang='grc' dir='ltr'><strong><em>νιιῑιν,</em></strong></span> <span class='ocrx_word' id='word_1_18' title='bbox 388 899 506 986; x_wconf 89' lang='lat' dir='ltr'>inquit,</span> <span class='ocrx_word' id='word_1_19' title='bbox 536 899 576 964; x_wconf 82' lang='grc' dir='ltr'>δι’</span> <span class='ocrx_word' id='word_1_20' title='bbox 600 900 712 982; x_wconf 68' lang='grc' dir='ltr'><strong><em>ἡδονὴν</em></strong></span> <span class='ocrx_word' id='word_1_21' title='bbox 736 899 854 964; x_wconf 77' lang='grc' dir='ltr'><strong><em>δοκοῦσι</em></strong></span> <span class='ocrx_word' id='word_1_22' title='bbox 876 903 1051 982; x_wconf 74' lang='grc' dir='ltr'><strong><em>γίγνεσθαι,</em></strong></span> <span class='ocrx_word' id='word_1_23' title='bbox 1075 911 1238 973; x_wconf 80' lang='grc' dir='ltr'><strong><em>θιασοιτῶν</em></strong></span> 
     </span>
    </p>

    <p class='ocr_par' dir='ltr' id='par_1_5' title="bbox 271 993 1236 1193">
     <span class='ocr_line' id='line_1_5' title="bbox 271 993 1236 1096; baseline 0.009 -31"><span class='ocrx_word' id='word_1_24' title='bbox 271 1004 323 1065; x_wconf 76' lang='grc' dir='ltr'><strong><em>καί</em></strong></span> <span class='ocrx_word' id='word_1_25' title='bbox 351 1005 521 1088; x_wconf 70' lang='grc' dir='ltr'><strong><em>ἐρανιστὼιί</em></strong></span> <span class='ocrx_word' id='word_1_26' title='bbox 553 993 643 1068; x_wconf 76' lang='grc' dir='ltr'><strong><em>αὗται</em></strong></span> <span class='ocrx_word' id='word_1_27' title='bbox 665 1005 775 1076; x_wconf 75' lang='grc' dir='ltr'><strong><em>θυσίας</em></strong></span> <span class='ocrx_word' id='word_1_28' title='bbox 797 1003 887 1069; x_wconf 81' lang='grc' dir='ltr'><strong><em>ἔνεκα</em></strong></span> <span class='ocrx_word' id='word_1_29' title='bbox 911 1006 963 1068; x_wconf 79' lang='grc' dir='ltr'><strong><em>καί</em></strong></span> <span class='ocrx_word' id='word_1_30' title='bbox 992 1009 1150 1082; x_wconf 74' lang='grc' dir='ltr'><strong><em>συνουσίας</em></strong></span> <span class='ocrx_word' id='word_1_31' title='bbox 1176 1007 1236 1096; x_wconf 86' lang='lat'>(1).</span> 
     </span>
     <span class='ocr_line' id='line_1_6' title="bbox 715 1109 798 1193; baseline 0.024 -23"><span class='ocrx_word' id='word_1_32' title='bbox 715 1109 743 1193; x_wconf 61' lang='grc' dir='ltr'>ς.</span> <span class='ocrx_word' id='word_1_33' title='bbox 768 1112 798 1172; x_wconf 87' lang='grc'>3.</span> 
     </span>
    </p>

    <p class='ocr_par' dir='ltr' id='par_1_6' title="bbox 258 1207 1285 3681">
     <span class='ocr_line' id='line_1_7' title="bbox 313 1207 1237 1296; baseline 0.013 -26"><span class='ocrx_word' id='word_1_34' title='bbox 313 1207 358 1271; x_wconf 87' lang='lat' dir='ltr'>Ile</span> <span class='ocrx_word' id='word_1_35' title='bbox 386 1207 435 1273; x_wconf 91' lang='lat' dir='ltr'>his</span> <span class='ocrx_word' id='word_1_36' title='bbox 469 1209 622 1276; x_wconf 86' lang='lat' dir='ltr'>Thiasotis</span> <span class='ocrx_word' id='word_1_37' title='bbox 644 1211 712 1296; x_wconf 85' lang='lat' dir='ltr'>jam</span> <span class='ocrx_word' id='word_1_38' title='bbox 734 1209 929 1274; x_wconf 81' lang='lat' dir='ltr'>mentionem</span> <span class='ocrx_word' id='word_1_39' title='bbox 956 1209 1097 1275; x_wconf 87' lang='lat' dir='ltr'>ridemus</span> <span class='ocrx_word' id='word_1_40' title='bbox 1120 1213 1237 1281; x_wconf 85' lang='lat' dir='ltr'>factam</span> 
     </span>
     <span class='ocr_line' id='line_1_8' title="bbox 270 1309 1238 1400; baseline 0.007 -27"><span class='ocrx_word' id='word_1_41' title='bbox 270 1310 304 1374; x_wconf 92' lang='lat' dir='ltr'>in</span> <span class='ocrx_word' id='word_1_42' title='bbox 329 1311 395 1397; x_wconf 88' lang='lat' dir='ltr'>ipsa</span> <span class='ocrx_word' id='word_1_43' title='bbox 421 1313 544 1377; x_wconf 89' lang='lat' dir='ltr'>Solonis</span> <span class='ocrx_word' id='word_1_44' title='bbox 564 1315 651 1399; x_wconf 88' lang='lat' dir='ltr'>lege,</span> <span class='ocrx_word' id='word_1_45' title='bbox 673 1311 731 1375; x_wconf 89' lang='lat' dir='ltr'>uhi</span> <span class='ocrx_word' id='word_1_46' title='bbox 754 1309 852 1375; x_wconf 89' lang='lat' dir='ltr'>iidem</span> <span class='ocrx_word' id='word_1_47' title='bbox 875 1310 941 1375; x_wconf 84' lang='lat' dir='ltr'>fere</span> <span class='ocrx_word' id='word_1_48' title='bbox 962 1311 1107 1377; x_wconf 84' lang='lat' dir='ltr'>videntur</span> <span class='ocrx_word' id='word_1_49' title='bbox 1127 1315 1238 1400; x_wconf 82' lang='lat' dir='ltr'>luisse,</span> 
     </span>
     <span class='ocr_line' id='line_1_9' title="bbox 271 1413 1238 1504; baseline 0.007 -27"><span class='ocrx_word' id='word_1_50' title='bbox 271 1415 328 1502; x_wconf 89' lang='lat' dir='ltr'>qui</span> <span class='ocrx_word' id='word_1_51' title='bbox 363 1415 536 1480; x_wconf 82' lang='lat' dir='ltr'>Eranistae:</span> <span class='ocrx_word' id='word_1_52' title='bbox 573 1413 753 1479; x_wconf 79' lang='lat' dir='ltr'>Athenaeus</span> <span class='ocrx_word' id='word_1_53' title='bbox 786 1414 872 1478; x_wconf 89' lang='lat' dir='ltr'>enim</span> <span class='ocrx_word' id='word_1_54' title='bbox 896 1415 1022 1496; x_wconf 74' lang='grc' dir='ltr'>1θίασον</span> <span class='ocrx_word' id='word_1_55' title='bbox 1059 1426 1090 1479; x_wconf 88' lang='lat' dir='ltr'>et</span> <span class='ocrx_word' id='word_1_56' title='bbox 1128 1418 1238 1504; x_wconf 90' lang='grc' dir='ltr'><strong><em>ἔρανον</em></strong></span> 
     </span>
     <span class='ocr_line' id='line_1_10' title="bbox 271 1515 1239 1605; baseline 0.004 -25"><span class='ocrx_word' id='word_1_57' title='bbox 271 1516 358 1580; x_wconf 87' lang='lat' dir='ltr'>idem</span> <span class='ocrx_word' id='word_1_58' title='bbox 387 1537 452 1580; x_wconf 88' lang='lat' dir='ltr'>esse</span> <span class='ocrx_word' id='word_1_59' title='bbox 486 1515 593 1582; x_wconf 85' lang='lat' dir='ltr'>docet:</span> <span class='ocrx_word' id='word_1_60' title='bbox 626 1517 763 1584; x_wconf 65' lang='lat' dir='ltr'>calatrosi</span> <span class='ocrx_word' id='word_1_61' title='bbox 795 1519 845 1599; x_wconf 79' lang='grc' dir='ltr'>δὲ,</span> <span class='ocrx_word' id='word_1_62' title='bbox 875 1517 995 1605; x_wconf 89' lang='lat' dir='ltr'>inquit,</span> <span class='ocrx_word' id='word_1_63' title='bbox 1027 1523 1047 1583; x_wconf 79' lang='grc' dir='ltr'><em>ὁ</em></span> <span class='ocrx_word' id='word_1_64' title='bbox 1073 1521 1162 1596; x_wconf 83' lang='grc' dir='ltr'><strong><em>αὐτὸς</em></strong></span> <span class='ocrx_word' id='word_1_65' title='bbox 1186 1526 1239 1587; x_wconf 76' lang='lat' dir='ltr'>aot</span> 
     </span>
     <span class='ocr_line' id='line_1_11' title="bbox 271 1624 1237 1713; baseline 0.007 -26"><span class='ocrx_word' id='word_1_66' title='bbox 271 1625 376 1708; x_wconf 85' lang='grc' dir='ltr'><strong><em>ἔρανος</em></strong></span> <span class='ocrx_word' id='word_1_67' title='bbox 383 1670 406 1702; x_wconf 66' lang='grc'>,,</span> <span class='ocrx_word' id='word_1_68' title='bbox 427 1625 478 1686; x_wconf 81' lang='grc' dir='ltr'><strong><em>καί</em></strong></span> <span class='ocrx_word' id='word_1_69' title='bbox 506 1624 622 1713; x_wconf 70' lang='grc' dir='ltr'><strong><em>θίασος</em></strong></span> <span class='ocrx_word' id='word_1_70' title='bbox 649 1627 701 1688; x_wconf 79' lang='grc' dir='ltr'><strong><em>καί</em></strong></span> <span class='ocrx_word' id='word_1_71' title='bbox 729 1625 883 1708; x_wconf 77' lang='grc' dir='ltr'><strong><em>συνίοντος</em></strong></span> <span class='ocrx_word' id='word_1_72' title='bbox 905 1627 1056 1710; x_wconf 70' lang='grc' dir='ltr'><strong><em>ἐρανισταὶ</em></strong></span> <span class='ocrx_word' id='word_1_73' title='bbox 1084 1629 1137 1690; x_wconf 82' lang='grc' dir='ltr'><strong><em>καί</em></strong></span> <span class='ocrx_word' id='word_1_74' title='bbox 1164 1649 1237 1698; x_wconf 71' lang='grc' dir='ltr'><strong><em>συν·</em></strong></span> 
     </span>
     <span class='ocr_line' id='line_1_12' title="bbox 270 1721 1238 1815; baseline 0.008 -25"><span class='ocrx_word' id='word_1_75' title='bbox 270 1731 422 1792; x_wconf 75' lang='grc' dir='ltr'><strong><em>θιασῶται</em></strong></span> <span class='ocrx_word' id='word_1_76' title='bbox 446 1723 502 1815; x_wconf 85' lang='lat'>(2).</span> <span class='ocrx_word' id='word_1_77' title='bbox 557 1727 610 1791; x_wconf 87' lang='lat' dir='ltr'>Sic</span> <span class='ocrx_word' id='word_1_78' title='bbox 646 1728 740 1793; x_wconf 83' lang='lat' dir='ltr'>eliam</span> <span class='ocrx_word' id='word_1_79' title='bbox 775 1721 895 1794; x_wconf 85' lang='lat' dir='ltr'>Pollux¹</span> <span class='ocrx_word' id='word_1_80' title='bbox 920 1731 1089 1810; x_wconf 87' lang='grc' dir='ltr'><strong><em>συσσιτίαν,</em></strong></span> <span class='ocrx_word' id='word_1_81' title='bbox 1126 1731 1238 1798; x_wconf 76' lang='grc' dir='ltr'><strong><em>θίασον</em></strong></span> 
     </span>
     <span class='ocr_line' id='line_1_13' title="bbox 271 1819 1257 1920; baseline 0.002 -28"><span class='ocrx_word' id='word_1_82' title='bbox 271 1839 303 1892; x_wconf 88' lang='lat' dir='ltr'>et</span> <span class='ocrx_word' id='word_1_83' title='bbox 329 1830 438 1914; x_wconf 85' lang='grc' dir='ltr'><strong><em>ἔρανον</em></strong></span> <span class='ocrx_word' id='word_1_84' title='bbox 461 1851 630 1918; x_wconf 76' lang='lat' dir='ltr'>synonyma</span> <span class='ocrx_word' id='word_1_85' title='bbox 654 1831 730 1895; x_wconf 87' lang='lat' dir='ltr'>lacit</span> <span class='ocrx_word' id='word_1_86' title='bbox 758 1828 813 1920; x_wconf 84' lang='lat'><strong>(3).</strong></span> <span class='ocrx_word' id='word_1_87' title='bbox 860 1829 957 1917; x_wconf 80' lang='lat' dir='ltr'>Atqui</span> <span class='ocrx_word' id='word_1_88' title='bbox 979 1851 1043 1899; x_wconf 85' lang='lat' dir='ltr'>nou</span> <span class='ocrx_word' id='word_1_89' title='bbox 1068 1841 1129 1914; x_wconf 86' lang='lat' dir='ltr'>est,</span> <span class='ocrx_word' id='word_1_90' title='bbox 1152 1819 1257 1917; x_wconf 31' lang='lat' dir='ltr'>quod*</span> 
     </span>
     <span class='ocr_line' id='line_1_14' title="bbox 271 1930 1239 2023; baseline 0.007 -29"><span class='ocrx_word' id='word_1_91' title='bbox 271 1930 348 1995; x_wconf 89' lang='lat' dir='ltr'>hinc</span> <span class='ocrx_word' id='word_1_92' title='bbox 372 1933 557 2019; x_wconf 87' lang='lat' dir='ltr'>colligamus</span> <span class='ocrx_word' id='word_1_93' title='bbox 582 1956 620 2000; x_wconf 86' lang='lat' dir='ltr'>ea</span> <span class='ocrx_word' id='word_1_94' title='bbox 644 1936 737 2020; x_wconf 90' lang='lat' dir='ltr'>plane</span> <span class='ocrx_word' id='word_1_95' title='bbox 757 1957 829 2000; x_wconf 83' lang='lat' dir='ltr'>esse</span> <span class='ocrx_word' id='word_1_96' title='bbox 855 1933 983 2020; x_wconf 86' lang='lat' dir='ltr'>eadem,</span> <span class='ocrx_word' id='word_1_97' title='bbox 1014 1957 1115 2023; x_wconf 91' lang='lat' dir='ltr'>quum</span> <span class='ocrx_word' id='word_1_98' title='bbox 1137 1935 1176 2000; x_wconf 88' lang='lat' dir='ltr'>de</span> <span class='ocrx_word' id='word_1_99' title='bbox 1200 1937 1239 2002; x_wconf 89' lang='lat' dir='ltr'>iis</span> 
     </span>
     <span class='ocr_line' id='line_1_15' title="bbox 272 2037 1285 2122; baseline 0.003 -22"><span class='ocrx_word' id='word_1_100' title='bbox 272 2047 395 2100; x_wconf 87' lang='lat' dir='ltr'>tantum</span> <span class='ocrx_word' id='word_1_101' title='bbox 431 2059 608 2102; x_wconf 87' lang='lat' dir='ltr'>sermonem</span> <span class='ocrx_word' id='word_1_102' title='bbox 646 2038 793 2122; x_wconf 86' lang='lat' dir='ltr'>injecerit</span> <span class='ocrx_word' id='word_1_103' title='bbox 826 2038 955 2122; x_wconf 86' lang='lat' dir='ltr'>Pollux,</span> <span class='ocrx_word' id='word_1_104' title='bbox 992 2049 1029 2102; x_wconf 82' lang='lat' dir='ltr'>ut</span> <span class='ocrx_word' id='word_1_105' title='bbox 1053 2037 1241 2103; x_wconf 89' lang='lat' dir='ltr'>ostenderet</span> <span class='ocrx_word' id='word_1_106' title='bbox 1282 2074 1285 2079; x_wconf 96' lang='lat'>·</span> 
     </span>
     <span class='ocr_line' id='line_1_16' title="bbox 274 2139 1240 2226; baseline -0.002 -20"><span class='ocrx_word' id='word_1_107' title='bbox 274 2141 380 2206; x_wconf 88' lang='lat' dir='ltr'>omnia</span> <span class='ocrx_word' id='word_1_108' title='bbox 410 2139 592 2226; x_wconf 89' lang='lat' dir='ltr'>hujusmodi</span> <span class='ocrx_word' id='word_1_109' title='bbox 628 2141 769 2206; x_wconf 77' lang='lat' dir='ltr'>convivia</span> <span class='ocrx_word' id='word_1_110' title='bbox 805 2141 887 2205; x_wconf 90' lang='lat' dir='ltr'>inter</span> <span class='ocrx_word' id='word_1_111' title='bbox 930 2139 1050 2206; x_wconf 87' lang='lat' dir='ltr'>sodales</span> <span class='ocrx_word' id='word_1_112' title='bbox 1086 2139 1240 2206; x_wconf 86' lang='lat' dir='ltr'>celebrari</span> 
     </span>
     <span class='ocr_line' id='line_1_17' title="bbox 273 2243 1254 2331; baseline -0.007 -20"><span class='ocrx_word' id='word_1_113' title='bbox 273 2248 369 2312; x_wconf 82' lang='lat' dir='ltr'>luisse</span> <span class='ocrx_word' id='word_1_114' title='bbox 391 2245 488 2311; x_wconf 87' lang='lat' dir='ltr'>solita.</span> <span class='ocrx_word' id='word_1_115' title='bbox 525 2245 614 2308; x_wconf 87' lang='lat' dir='ltr'>Licet</span> <span class='ocrx_word' id='word_1_116' title='bbox 641 2243 738 2329; x_wconf 86' lang='lat' dir='ltr'>igitur</span> <span class='ocrx_word' id='word_1_117' title='bbox 762 2247 869 2331; x_wconf 79' lang='grc' dir='ltr'><strong><em>ἔρανος</em></strong></span> <span class='ocrx_word' id='word_1_118' title='bbox 892 2245 931 2308; x_wconf 86' lang='lat' dir='ltr'>sit</span> <span class='ocrx_word' id='word_1_119' title='bbox 955 2245 1063 2317; x_wconf 70' lang='grc' dir='ltr'><strong><em>θίασος</em></strong></span> <span class='ocrx_word' id='word_1_120' title='bbox 1087 2253 1117 2306; x_wconf 84' lang='lat' dir='ltr'>et</span> <span class='ocrx_word' id='word_1_121' title='bbox 1141 2263 1254 2331; x_wconf 87' lang='grc' dir='ltr'>συσσι-Ι</span> 
     </span>
     <span class='ocr_line' id='line_1_18' title="bbox 273 2343 1240 2433; baseline -0.009 -16"><span class='ocrx_word' id='word_1_122' title='bbox 273 2353 343 2433; x_wconf 82' lang='grc' dir='ltr'><strong><em>τία,</em></strong></span> <span class='ocrx_word' id='word_1_123' title='bbox 366 2371 430 2415; x_wconf 89' lang='lat' dir='ltr'>non</span> <span class='ocrx_word' id='word_1_124' title='bbox 455 2343 562 2413; x_wconf 83' lang='lat' dir='ltr'>tamen</span> <span class='ocrx_word' id='word_1_125' title='bbox 583 2346 655 2412; x_wconf 89' lang='lat' dir='ltr'>ideo</span> <span class='ocrx_word' id='word_1_126' title='bbox 678 2346 758 2412; x_wconf 91' lang='lat' dir='ltr'>haec</span> <span class='ocrx_word' id='word_1_127' title='bbox 783 2347 925 2412; x_wconf 81' lang='lat' dir='ltr'>convivia</span> <span class='ocrx_word' id='word_1_128' title='bbox 947 2355 1099 2410; x_wconf 75' lang='lat' dir='ltr'>uocantur</span> <span class='ocrx_word' id='word_1_129' title='bbox 1120 2346 1240 2430; x_wconf 72' lang='grc' dir='ltr'><strong><em>ἔροινοις</em></strong></span> 
     </span>
     <span class='ocr_line' id='line_1_19' title="bbox 276 2443 1240 2542; baseline -0.009 -22"><span class='ocrx_word' id='word_1_130' title='bbox 276 2455 419 2542; x_wconf 83' lang='lat' dir='ltr'>alioquin</span> <span class='ocrx_word' id='word_1_131' title='bbox 439 2457 544 2541; x_wconf 78' lang='grc' dir='ltr'><strong><em>ἔρανος</em></strong></span> <span class='ocrx_word' id='word_1_132' title='bbox 560 2465 590 2518; x_wconf 87' lang='lat' dir='ltr'>et</span> <span class='ocrx_word' id='word_1_133' title='bbox 605 2453 761 2537; x_wconf 81' lang='grc' dir='ltr'><strong><em>ιίίαπίνη,</em></strong></span> <span class='ocrx_word' id='word_1_134' title='bbox 784 2451 878 2517; x_wconf 87' lang='lat' dir='ltr'>lacile</span> <span class='ocrx_word' id='word_1_135' title='bbox 894 2447 1163 2514; x_wconf 82' lang='lat' dir='ltr'>confunderentur</span> <span class='ocrx_word' id='word_1_136' title='bbox 1178 2443 1240 2536; x_wconf 80' lang='lat' dir='ltr'>(l):</span> 
     </span>
     <span class='ocr_line' id='line_1_20' title="bbox 275 2551 1240 2644; baseline -0.01 -23"><span class='ocrx_word' id='word_1_137' title='bbox 275 2556 363 2644; x_wconf 91' lang='lat' dir='ltr'>quod</span> <span class='ocrx_word' id='word_1_138' title='bbox 387 2556 518 2643; x_wconf 88' lang='lat' dir='ltr'>quidem</span> <span class='ocrx_word' id='word_1_139' title='bbox 548 2555 618 2620; x_wconf 89' lang='lat' dir='ltr'>fieri</span> <span class='ocrx_word' id='word_1_140' title='bbox 643 2576 706 2619; x_wconf 92' lang='lat' dir='ltr'>non</span> <span class='ocrx_word' id='word_1_141' title='bbox 730 2574 819 2640; x_wconf 87' lang='lat' dir='ltr'>posse</span> <span class='ocrx_word' id='word_1_142' title='bbox 847 2553 915 2636; x_wconf 90' lang='lat' dir='ltr'>jam</span> <span class='ocrx_word' id='word_1_143' title='bbox 949 2551 1084 2636; x_wconf 88' lang='lat' dir='ltr'>probare</span> <span class='ocrx_word' id='word_1_144' title='bbox 1110 2560 1240 2616; x_wconf 88' lang='lat' dir='ltr'>conatus</span> 
     </span>
     <span class='ocr_line' id='line_1_21' title="bbox 275 2655 1241 2742; baseline -0.004 -20"><span class='ocrx_word' id='word_1_145' title='bbox 275 2681 353 2724; x_wconf 87' lang='lat' dir='ltr'>sum.</span> <span class='ocrx_word' id='word_1_146' title='bbox 399 2657 462 2723; x_wconf 86' lang='lat' dir='ltr'>Sed</span> <span class='ocrx_word' id='word_1_147' title='bbox 486 2657 565 2723; x_wconf 87' lang='lat' dir='ltr'>haec</span> <span class='ocrx_word' id='word_1_148' title='bbox 594 2659 641 2722; x_wconf 90' lang='lat' dir='ltr'>nil</span> <span class='ocrx_word' id='word_1_149' title='bbox 669 2680 726 2722; x_wconf 92' lang='lat' dir='ltr'>nos</span> <span class='ocrx_word' id='word_1_150' title='bbox 743 2667 927 2736; x_wconf 85' lang='lat' dir='ltr'>morentur.</span> <span class='ocrx_word' id='word_1_151' title='bbox 969 2656 1124 2742; x_wconf 81' lang='grc' dir='ltr'><strong><em>Ἕρανος,</em></strong></span> <span class='ocrx_word' id='word_1_152' title='bbox 1147 2667 1184 2720; x_wconf 92' lang='lat' dir='ltr'>ut</span> <span class='ocrx_word' id='word_1_153' title='bbox 1207 2655 1241 2718; x_wconf 92' lang='lat' dir='ltr'>in</span> 
     </span>
     <span class='ocr_line' id='line_1_22' title="bbox 275 2752 1243 2848; baseline -0.004 -22"><span class='ocrx_word' id='word_1_154' title='bbox 275 2764 357 2826; x_wconf 84' lang='lat' dir='ltr'>viam</span> <span class='ocrx_word' id='word_1_155' title='bbox 391 2761 572 2847; x_wconf 88' lang='lat' dir='ltr'>redeamus,</span> <span class='ocrx_word' id='word_1_156' title='bbox 605 2774 651 2826; x_wconf 84' lang='lat' dir='ltr'>est</span> <span class='ocrx_word' id='word_1_157' title='bbox 688 2783 745 2826; x_wconf 82' lang='lat' dir='ltr'>vox</span> <span class='ocrx_word' id='word_1_158' title='bbox 780 2761 953 2848; x_wconf 87' lang='lat' dir='ltr'>generalis,</span> <span class='ocrx_word' id='word_1_159' title='bbox 990 2783 1006 2824; x_wconf 90' lang='lat' dir='ltr'>a</span> <span class='ocrx_word' id='word_1_160' title='bbox 1044 2752 1108 2847; x_wconf 84' lang='lat' dir='ltr'>qua</span> <span class='ocrx_word' id='word_1_161' title='bbox 1140 2759 1243 2837; x_wconf 76' lang='lat' dir='ltr'>differt</span> 
     </span>
     <span class='ocr_line' id='line_1_23' title="bbox 258 2861 1241 2951; baseline -0.003 -22"><span class='ocrx_word' id='word_1_162' title='bbox 258 2865 398 2944; x_wconf 63' lang='grc' dir='ltr'><strong><em>Ὄίασος,</em></strong></span> <span class='ocrx_word' id='word_1_163' title='bbox 430 2874 580 2948; x_wconf 90' lang='lat' dir='ltr'>tanquam</span> <span class='ocrx_word' id='word_1_164' title='bbox 610 2866 731 2950; x_wconf 83' lang='lat' dir='ltr'>species</span> <span class='ocrx_word' id='word_1_165' title='bbox 760 2887 778 2928; x_wconf 88' lang='lat' dir='ltr'>a</span> <span class='ocrx_word' id='word_1_166' title='bbox 810 2883 934 2951; x_wconf 86' lang='lat' dir='ltr'>genere.</span> <span class='ocrx_word' id='word_1_167' title='bbox 981 2864 1139 2945; x_wconf 87' lang='lat' dir='ltr'>Quocirca</span> <span class='ocrx_word' id='word_1_168' title='bbox 1163 2861 1241 2926; x_wconf 90' lang='lat' dir='ltr'>huic</span> 
     </span>
     <span class='ocr_line' id='line_1_24' title="bbox 275 2965 1240 3054; baseline 0.002 -26"><span class='ocrx_word' id='word_1_169' title='bbox 275 2985 364 3032; x_wconf 87' lang='lat' dir='ltr'>meae</span> <span class='ocrx_word' id='word_1_170' title='bbox 404 2967 574 3032; x_wconf 85' lang='lat' dir='ltr'>sententiae</span> <span class='ocrx_word' id='word_1_171' title='bbox 614 2968 744 3032; x_wconf 91' lang='lat' dir='ltr'>minime</span> <span class='ocrx_word' id='word_1_172' title='bbox 782 2987 959 3054; x_wconf 85' lang='lat' dir='ltr'>repugnare</span> <span class='ocrx_word' id='word_1_173' title='bbox 992 2965 1114 3031; x_wconf 86' lang='lat' dir='ltr'>ridetur</span> <span class='ocrx_word' id='word_1_174' title='bbox 1149 2967 1240 3030; x_wconf 91' lang='lat' dir='ltr'>locus</span> 
     </span>
     <span class='ocr_line' id='line_1_25' title="bbox 274 3066 1241 3159; baseline 0.004 -28"><span class='ocrx_word' id='word_1_175' title='bbox 274 3066 428 3152; x_wconf 79' lang='lat' dir='ltr'>Athenaei</span> <span class='ocrx_word' id='word_1_176' title='bbox 463 3069 557 3135; x_wconf 92' lang='lat' dir='ltr'>modo</span> <span class='ocrx_word' id='word_1_177' title='bbox 584 3071 745 3156; x_wconf 87' lang='lat' dir='ltr'>laudatus,</span> <span class='ocrx_word' id='word_1_178' title='bbox 776 3071 910 3136; x_wconf 87' lang='lat' dir='ltr'>dicentis</span> <span class='ocrx_word' id='word_1_179' title='bbox 934 3076 954 3138; x_wconf 85' lang='lat' dir='ltr'>o‘</span> <span class='ocrx_word' id='word_1_180' title='bbox 974 3073 1078 3146; x_wconf 76' lang='grc' dir='ltr'><strong><em>αὐτὸςε</em></strong></span> <span class='ocrx_word' id='word_1_181' title='bbox 1103 3093 1241 3159; x_wconf 84' lang='lat' dir='ltr'>numque</span> 
     </span>
     <span class='ocr_line' id='line_1_26' title="bbox 276 3171 1242 3260; baseline 0 -22"><span class='ocrx_word' id='word_1_182' title='bbox 276 3171 470 3258; x_wconf 79' lang='lat' dir='ltr'>convivium,</span> <span class='ocrx_word' id='word_1_183' title='bbox 496 3172 582 3260; x_wconf 90' lang='lat' dir='ltr'>quod</span> <span class='ocrx_word' id='word_1_184' title='bbox 608 3175 770 3238; x_wconf 81' lang='lat' dir='ltr'>celebrant</span> <span class='ocrx_word' id='word_1_185' title='bbox 792 3173 971 3258; x_wconf 87' lang='lat' dir='ltr'>Thiasotae,</span> <span class='ocrx_word' id='word_1_186' title='bbox 996 3171 1161 3238; x_wconf 87' lang='lat' dir='ltr'>commode</span> <span class='ocrx_word' id='word_1_187' title='bbox 1182 3195 1242 3238; x_wconf 84' lang='lat' dir='ltr'>ro-</span> 
     </span>
     <span class='ocr_line' id='line_1_27' title="bbox 277 3273 1244 3365; baseline -0.003 -21"><span class='ocrx_word' id='word_1_188' title='bbox 277 3279 342 3344; x_wconf 87' lang='lat' dir='ltr'>oari</span> <span class='ocrx_word' id='word_1_189' title='bbox 366 3289 466 3365; x_wconf 89' lang='lat' dir='ltr'>potest</span> <span class='ocrx_word' id='word_1_190' title='bbox 492 3281 617 3364; x_wconf 87' lang='grc' dir='ltr'><strong><em>ἔρανος,</em></strong></span> <span class='ocrx_word' id='word_1_191' title='bbox 641 3273 704 3365; x_wconf 69' lang='lat' dir='ltr'>qud</span> <span class='ocrx_word' id='word_1_192' title='bbox 728 3299 805 3343; x_wconf 78' lang='lat' dir='ltr'>voce</span> <span class='ocrx_word' id='word_1_193' title='bbox 830 3278 992 3344; x_wconf 88' lang='lat' dir='ltr'>interdum</span> <span class='ocrx_word' id='word_1_194' title='bbox 1012 3290 1115 3343; x_wconf 91' lang='lat' dir='ltr'>totum</span> <span class='ocrx_word' id='word_1_195' title='bbox 1139 3278 1244 3343; x_wconf 89' lang='lat' dir='ltr'>colle-</span> 
     </span>
     <span class='ocr_line' id='line_1_28' title="bbox 277 3382 1244 3470; baseline 0.002 -24"><span class='ocrx_word' id='word_1_196' title='bbox 277 3383 368 3468; x_wconf 83' lang='lat' dir='ltr'>gium</span> <span class='ocrx_word' id='word_1_197' title='bbox 395 3382 590 3470; x_wconf 84' lang='lat' dir='ltr'>intelligitur.</span> <span class='ocrx_word' id='word_1_198' title='bbox 644 3383 697 3446; x_wconf 89' lang='lat' dir='ltr'>Sic</span> <span class='ocrx_word' id='word_1_199' title='bbox 719 3383 805 3446; x_wconf 90' lang='lat' dir='ltr'>enim</span> <span class='ocrx_word' id='word_1_200' title='bbox 828 3385 1109 3470; x_wconf 81' lang='lat' dir='ltr'>Harpocrationcm</span> <span class='ocrx_word' id='word_1_201' title='bbox 1133 3406 1244 3450; x_wconf 85' lang='lat' dir='ltr'>rocem</span> 
     </span>
     <span class='ocr_line' id='line_1_29' title="bbox 274 3483 1243 3581; baseline 0.006 -33"><span class='ocrx_word' id='word_1_202' title='bbox 274 3484 434 3570; x_wconf 87' lang='lat' dir='ltr'>accepisse</span> <span class='ocrx_word' id='word_1_203' title='bbox 452 3485 610 3581; x_wconf 69' lang='lat' dir='ltr'>existimo,</span> <span class='ocrx_word' id='word_1_204' title='bbox 634 3483 692 3549; x_wconf 88' lang='lat' dir='ltr'>uhi</span> <span class='ocrx_word' id='word_1_205' title='bbox 715 3487 855 3572; x_wconf 84' lang='lat' dir='ltr'>exponit:</span> <span class='ocrx_word' id='word_1_206' title='bbox 880 3491 1040 3575; x_wconf 80' lang='grc' dir='ltr'><strong><em>ἒρανιστὴς“</em></strong></span> <span class='ocrx_word' id='word_1_207' title='bbox 1063 3493 1154 3555; x_wconf 75' lang='grc' dir='ltr'><strong><em>σ’τοῦ</em></strong></span> <span class='ocrx_word' id='word_1_208' title='bbox 1174 3491 1243 3574; x_wconf 80' lang='grc' dir='ltr'><strong><em>ἔρα-</em></strong></span> 
     </span>
     <span class='ocr_line' id='line_1_30' title="bbox 277 3589 1243 3681; baseline 0.007 -27"><span class='ocrx_word' id='word_1_209' title='bbox 277 3615 333 3655; x_wconf 89' lang='grc' dir='ltr'>νον</span> <span class='ocrx_word' id='word_1_210' title='bbox 362 3589 506 3676; x_wconf 71' lang='grc' dir='ltr'><strong><em>μετέχων.</em></strong></span> <span class='ocrx_word' id='word_1_211' title='bbox 560 3589 672 3655; x_wconf 86' lang='lat' dir='ltr'>Pollux</span> <span class='ocrx_word' id='word_1_212' title='bbox 699 3596 855 3679; x_wconf 77' lang='grc' dir='ltr'><strong><em>ἐρανιστὰς</em></strong></span> <span class='ocrx_word' id='word_1_213' title='bbox 879 3606 1040 3681; x_wconf 87' lang='lat' dir='ltr'>comparat</span> <span class='ocrx_word' id='word_1_214' title='bbox 1067 3616 1144 3660; x_wconf 84' lang='lat' dir='ltr'>eum</span> <span class='ocrx_word' id='word_1_215' title='bbox 1169 3617 1243 3678; x_wconf 85' lang='grc' dir='ltr'><strong><em>συμ-</em></strong></span> 
     </span>
    </p>
   </div>
   <div class='ocr_carea' id='block_1_3' title="bbox 274 3827 1251 4317">
    <p class='ocr_par' dir='ltr' id='par_1_7' title="bbox 274 3827 1251 4317">
     <span class='ocr_line' id='line_1_31' title="bbox 310 3827 1248 3902; baseline 0.006 -26"><span class='ocrx_word' id='word_1_216' title='bbox 310 3828 484 3896; x_wconf 82' lang='lat' dir='ltr'>(1)Arisnol.</span> <span class='ocrx_word' id='word_1_217' title='bbox 509 3827 601 3882; x_wconf 87' lang='lat' dir='ltr'>Ethic.</span> <span class='ocrx_word' id='word_1_218' title='bbox 627 3831 646 3882; x_wconf 92' lang='lat' dir='ltr'>l.</span> <span class='ocrx_word' id='word_1_219' title='bbox 675 3831 693 3881; x_wconf 95' lang='lat' dir='ltr'>l.</span> <span class='ocrx_word' id='word_1_220' title='bbox 739 3831 780 3902; x_wconf 83' lang='lat'>(2)</span> <span class='ocrx_word' id='word_1_221' title='bbox 800 3831 835 3882; x_wconf 91' lang='lat' dir='ltr'>L.</span> <span class='ocrx_word' id='word_1_222' title='bbox 854 3831 939 3884; x_wconf 90' lang='lat' dir='ltr'>v111.</span> <span class='ocrx_word' id='word_1_223' title='bbox 955 3851 983 3900; x_wconf 84' lang='lat' dir='ltr'>p.</span> <span class='ocrx_word' id='word_1_224' title='bbox 1001 3833 1061 3885; x_wconf 81' lang='lat'><strong>362.</strong></span> <span class='ocrx_word' id='word_1_225' title='bbox 1080 3832 1116 3883; x_wconf 83' lang='lat' dir='ltr'>E.</span> <span class='ocrx_word' id='word_1_226' title='bbox 1153 3832 1194 3901; x_wconf 87' lang='grc'>(3)</span> <span class='ocrx_word' id='word_1_227' title='bbox 1214 3830 1248 3883; x_wconf 77' lang='grc' dir='ltr'>[ι.</span> 
     </span>
     <span class='ocr_line' id='line_1_32' title="bbox 275 3907 1246 3986; baseline 0.002 -24"><span class='ocrx_word' id='word_1_228' title='bbox 275 3907 329 3962; x_wconf 86' lang='lat' dir='ltr'>Vl.</span> <span class='ocrx_word' id='word_1_229' title='bbox 346 3928 367 3960; x_wconf 89' lang='lat' dir='ltr'>s.</span> <span class='ocrx_word' id='word_1_230' title='bbox 386 3912 412 3962; x_wconf 82' lang='lat'>7.</span> <span class='ocrx_word' id='word_1_231' title='bbox 450 3914 490 3983; x_wconf 73' lang='lat' dir='ltr'>(l)</span> <span class='ocrx_word' id='word_1_232' title='bbox 511 3915 608 3967; x_wconf 82' lang='lat' dir='ltr'>Pollux</span> <span class='ocrx_word' id='word_1_233' title='bbox 626 3913 696 3966; x_wconf 87' lang='lat' dir='ltr'>enim</span> <span class='ocrx_word' id='word_1_234' title='bbox 715 3914 777 3967; x_wconf 90' lang='lat' dir='ltr'>loco</span> <span class='ocrx_word' id='word_1_235' title='bbox 803 3915 851 3967; x_wconf 82' lang='lat' dir='ltr'>cit.</span> <span class='ocrx_word' id='word_1_236' title='bbox 868 3917 935 3986; x_wconf 71' lang='lat' dir='ltr'>rocol</span> <span class='ocrx_word' id='word_1_237' title='bbox 950 3918 1100 3977; x_wconf 78' lang='grc' dir='ltr'><strong><em>συμποσίου</em></strong></span> <span class='ocrx_word' id='word_1_238' title='bbox 1117 3915 1246 3982; x_wconf 87' lang='lat' dir='ltr'>loquens,</span> 
     </span>
     <span class='ocr_line' id='line_1_33' title="bbox 274 3990 1251 4067; baseline 0.007 -27"><span class='ocrx_word' id='word_1_239' title='bbox 274 3990 309 4042; x_wconf 85' lang='lat' dir='ltr'>ad</span> <span class='ocrx_word' id='word_1_240' title='bbox 328 3992 468 4058; x_wconf 75' lang='lat' dir='ltr'>convivia,</span> <span class='ocrx_word' id='word_1_241' title='bbox 496 4015 611 4066; x_wconf 85' lang='lat' dir='ltr'>quorum</span> <span class='ocrx_word' id='word_1_242' title='bbox 628 3998 727 4066; x_wconf 87' lang='lat' dir='ltr'>species</span> <span class='ocrx_word' id='word_1_243' title='bbox 743 4004 888 4062; x_wconf 85' lang='lat' dir='ltr'>memorat,</span> <span class='ocrx_word' id='word_1_244' title='bbox 913 3998 994 4050; x_wconf 81' lang='lat' dir='ltr'>refert</span> <span class='ocrx_word' id='word_1_245' title='bbox 1012 4016 1118 4067; x_wconf 84' lang='lat' dir='ltr'>quoque</span> <span class='ocrx_word' id='word_1_246' title='bbox 1136 3998 1251 4049; x_wconf 75' lang='grc' dir='ltr'><strong><em>εἰλαπί-</em></strong></span> 
     </span>
     <span class='ocr_line' id='line_1_34' title="bbox 274 4078 1250 4152; baseline 0.006 -24"><span class='ocrx_word' id='word_1_247' title='bbox 274 4093 344 4141; x_wconf 84' lang='grc' dir='ltr'><strong><em>νην,</em></strong></span> <span class='ocrx_word' id='word_1_248' title='bbox 372 4093 433 4128; x_wconf 85' lang='lat' dir='ltr'>cum</span> <span class='ocrx_word' id='word_1_249' title='bbox 449 4078 514 4132; x_wconf 85' lang='lat' dir='ltr'>dicit</span> <span class='ocrx_word' id='word_1_250' title='bbox 536 4083 571 4130; x_wconf 82' lang='grc' dir='ltr'>τὰ</span> <span class='ocrx_word' id='word_1_251' title='bbox 597 4083 630 4132; x_wconf 76' lang='grc' dir='ltr'>δὲ</span> <span class='ocrx_word' id='word_1_252' title='bbox 655 4084 806 4152; x_wconf 68' lang='grc' dir='ltr'><strong><em>πράγματα</em></strong></span> <span class='ocrx_word' id='word_1_253' title='bbox 813 4118 821 4144; x_wconf 91' lang='grc'><strong><em>,</em></strong></span> <span class='ocrx_word' id='word_1_254' title='bbox 845 4082 945 4144; x_wconf 85' lang='grc' dir='ltr'><strong><em>νιίτον,</em></strong></span> <span class='ocrx_word' id='word_1_255' title='bbox 970 4086 1124 4143; x_wconf 81' lang='grc' dir='ltr'><strong><em>συσσιτίαν,</em></strong></span> <span class='ocrx_word' id='word_1_256' title='bbox 1142 4096 1250 4144; x_wconf 76' lang='grc' dir='ltr'><strong><em>συμπο-</em></strong></span> 
     </span>
     <span class='ocr_line' id='line_1_35' title="bbox 274 4160 1248 4232; baseline 0.001 -21"><span class='ocrx_word' id='word_1_257' title='bbox 274 4163 356 4222; x_wconf 83' lang='grc' dir='ltr'><strong><em>σίαν,</em></strong></span> <span class='ocrx_word' id='word_1_258' title='bbox 374 4161 391 4225; x_wconf 74' lang='grc' dir='ltr'><strong><em>ἢ</em></strong></span> <span class='ocrx_word' id='word_1_259' title='bbox 408 4160 524 4213; x_wconf 73' lang='grc' dir='ltr'><strong><em>σύνοδον</em></strong></span> <span class='ocrx_word' id='word_1_260' title='bbox 539 4166 589 4228; x_wconf 77' lang='grc' dir='ltr'><strong><em>τὴν</em></strong></span> <span class='ocrx_word' id='word_1_261' title='bbox 607 4165 635 4214; x_wconf 75' lang='grc' dir='ltr'><strong><em>ἐν</em></strong></span> <span class='ocrx_word' id='word_1_262' title='bbox 650 4165 728 4232; x_wconf 64' lang='lat' dir='ltr'>olon,</span> <span class='ocrx_word' id='word_1_263' title='bbox 752 4167 905 4231; x_wconf 70' lang='grc' dir='ltr'><strong><em>ἢθίασον,</em></strong></span> <span class='ocrx_word' id='word_1_264' title='bbox 929 4163 1129 4232; x_wconf 73' lang='grc' dir='ltr'><strong><em>ἣιίλανοίνην,</em></strong></span> <span class='ocrx_word' id='word_1_265' title='bbox 1146 4163 1166 4228; x_wconf 73' lang='grc' dir='ltr'><strong><em>ἢ</em></strong></span> <span class='ocrx_word' id='word_1_266' title='bbox 1181 4161 1248 4232; x_wconf 52' lang='grc' dir='ltr'><strong><em>ἔρα,</em></strong></span> 
     </span>
     <span class='ocr_line' id='line_1_36' title="bbox 277 4245 1043 4317; baseline 0 -17"><span class='ocrx_word' id='word_1_267' title='bbox 277 4267 340 4310; x_wconf 85' lang='grc' dir='ltr'><strong><em>νον,</em></strong></span> <span class='ocrx_word' id='word_1_268' title='bbox 358 4247 375 4312; x_wconf 73' lang='grc' dir='ltr'><em>ἢ</em></span> <span class='ocrx_word' id='word_1_269' title='bbox 393 4245 514 4299; x_wconf 74' lang='grc' dir='ltr'><strong><em>ἑστίασιν</em></strong></span> <span class='ocrx_word' id='word_1_270' title='bbox 533 4265 556 4296; x_wconf 86' lang='grc' dir='ltr'>ιι.</span> <span class='ocrx_word' id='word_1_271' title='bbox 576 4265 601 4296; x_wconf 85' lang='grc' dir='ltr'>τ.</span> <span class='ocrx_word' id='word_1_272' title='bbox 621 4247 644 4296; x_wconf 85' lang='lat' dir='ltr'>l.</span> <span class='ocrx_word' id='word_1_273' title='bbox 682 4247 733 4300; x_wconf 83' lang='lat' dir='ltr'>Cff.</span> <span class='ocrx_word' id='word_1_274' title='bbox 753 4250 908 4317; x_wconf 78' lang='lat' dir='ltr'>interpretes</span> <span class='ocrx_word' id='word_1_275' title='bbox 926 4247 1004 4300; x_wconf 86' lang='lat' dir='ltr'>adh.</span> <span class='ocrx_word' id='word_1_276' title='bbox 1023 4249 1043 4300; x_wconf 88' lang='lat'>1.</span> 
     </span>
    </p>
   </div>
   <div class='ocr_carea' id='block_1_4' title="bbox 0 0 1451 4826">
    <p class='ocr_par' dir='ltr' id='par_1_8' title="bbox 0 0 1451 4826">
     <span class='ocr_line' id='line_1_37' title="bbox 0 0 1451 4826; baseline 0 0"><span class='ocrx_word' id='word_1_277' title='bbox 0 0 1451 4826; x_wconf 95' lang='lat' dir='ltr'> </span> 
     </span>
    </p>
   </div>
  </div>
 </body>
</html>
