2886 4826
623 489 785 550 ..43-

228 689 369 746 revortar,
390 667 467 750 ἅπερ
487 668 593 747 ἣκιστα
612 670 761 758 μοιαρχίᾳ
787 667 935 750 ιυμφίρει.
980 665 1088 755 Neque
1113 669 1178 734 sine

227 786 321 833 causa
354 765 388 830 id
420 767 607 833 verebantur
636 767 699 852 illi,
729 768 785 855 qui
809 767 929 834 Christo
952 761 1067 834 nomen
1091 791 1179 834 non-

227 869 303 934 dum
324 868 490 935 dederant:
521 871 650 934 minime
675 869 760 933 enim
785 869 989 935 conveniebat
1017 870 1180 936 Thiasota-

224 995 296 1038 rum
319 970 438 1040 laetitia
458 972 589 1040 conmlio
608 975 769 1062 religionis
792 970 982 1042 Christianae
1003 997 1182 1063 propagan-

224 1075 297 1160 dae,
320 1096 422 1162 quum
446 1075 539 1142 falsae
563 1078 668 1165 potius
692 1098 788 1164 quam
812 1099 902 1146 verae
923 1079 1082 1166 religionis
1103 1103 1182 1166 spe-

224 1181 306 1244 ciem
341 1199 416 1267 prae
448 1201 479 1245 se
512 1181 615 1245 lerret
675 1181 780 1262 Quare
807 1181 898 1267 Cujus
922 1183 1031 1248 Caesar
1056 1179 1180 1246 iudaeis

224 1293 344 1346 tantum
378 1281 604 1368 impedimento
639 1287 704 1348 non
738 1280 816 1370 luit,
848 1303 911 1372 quo
943 1287 1045 1349 minus
1074 1295 1181 1349 coetus

225 1386 340 1450 inirent
374 1398 406 1452 et
444 1388 583 1453 senuna
618 1387 828 1472 celebrarent,
871 1399 906 1452 ut
939 1387 1033 1454 troilit
1063 1389 1183 1454 Florius

226 1487 392 1575 Iosephus,
422 1495 496 1555 oum
520 1489 613 1555 dicit:
640 1495 771 1578 καὶγὰρ
794 1497 891 1568 Γάϊος
917 1501 1035 1579 Καῖσαρ
1043 1539 1120 1558 .....
1149 1499 1181 1561 ἐν

226 1598 269 1677 τῷ
300 1594 482 1676 διατάγματι
510 1593 632 1661 netues
659 1599 783 1669 θιάσους
808 1603 990 1676 συνάγεσθαι
1017 1595 1094 1661 tuse
1126 1599 1183 1662 πό-

226 1699 292 1780 λιν,
328 1704 437 1780 μόνους
468 1699 627 1773 Ιουδαίους
657 1699 710 1764 oba
748 1698 910 1780 ἐκώλυσεν,
948 1707 1031 1798 οὔτε1
1050 1697 1184 1784 χρῆμαὲα

225 1806 439 1890 συνειςφέρειν,
464 1809 538 1869 οὔτε
570 1803 736 1870 coposiore
765 1811 861 1870 ποιεῖν
886 1799 941 1891 (l).
986 1799 1071 1866 Nihil
1097 1803 1182 1866 enim

227 1918 310 1987 erat,
344 1905 430 1992 quod
465 1905 505 1970 ab
540 1903 721 1990 hujusmodi
759 1905 900 1969 coetibus
937 1914 1057 1966 arceret
1093 1903 1184 1986 Cajus

226 2008 335 2072 Caesar
380 2005 531 2090 Iudaees,
573 2017 682 2093 utpote
717 2007 814 2072 veteri
849 2005 993 2094 religioni
1031 2003 1183 2090 addictos,

116 2176 122 2185 ,
224 2109 421 2196 imperioque
445 2109 591 2174 Romano
613 2103 768 2192 subditos,
802 2131 820 2178 a
845 2108 959 2197 huibus
985 2105 1087 2171 nhllas
1111 2109 1185 2171 mb-'

224 2213 289 2276 reri
310 2211 476 2276 seditiones
500 2209 573 2276 satis
594 2209 654 2275 sihi
677 2209 814 2276 hahebat
836 2232 1026 2297 persuasum.
1071 2203 1184 2293 Traja-

224 2333 284 2377 nus
303 2325 426 2399 postea,
448 2313 538 2398 cnjus
563 2332 637 2401 erga
663 2311 851 2378 Christianos
875 2309 981 2376 mitius
1004 2317 1069 2375 erat
1092 2306 1186 2396 ibge-

224 2415 332 2496 nium,
365 2435 457 2498 super
489 2413 711 2479 Amisenorum
740 2413 849 2479 libello
877 2411 916 2476 de
945 2409 1052 2475 Eiarii's
1079 2407 1183 2474 oblato

226 2514 399 2601 rescripsit,
433 2535 465 2577 se
497 2513 535 2577 iis
569 2513 698 2603 quidem
724 2515 781 2602 qui
802 2513 900 2579 Amisi
928 2524 1029 2578 essent
1052 2511 1186 2598 permit-

226 2629 309 2701 tere,
342 2637 376 2680 eo
408 2615 544 2704 facilius
575 2619 608 2682 ss·
633 2619 696 2682 tate
719 2615 888 2683 collatione
913 2639 980 2682 eoo
1003 2615 1048 2680 nd
1070 2611 1184 2679 berlai

227 2731 258 2784 et
278 2719 412 2784 illicitos
439 2731 562 2804 acetosa,
592 2721 651 2785 red
674 2722 720 2786 ad
743 2723 972 2788 sustinendam
1002 2722 1185 2786 tenuiorum

225 2823 374 2908 inopiam
392 2833 562 2885 uterentur·
572 2818 628 2909 (2).
672 2822 720 2887 Ita
736 2823 770 2886 in
785 2823 943 2911 plerisque
958 2823 1107 2888 Graeciae
1122 2820 1187 2885 ob-

224 2923 319 2988 tinuit
341 2921 533 3004 civitatibus,
554 2923 720 3010 postquam
745 2925 785 2990 ad
805 2925 964 2992 Romanos
985 2921 1106 2990 summa·
1130 2919 1186 3014 le-

223 3047 295 3090 rum
325 3024 482 3112 perrenit3
519 3017 608 3088 secus
634 3036 727 3113 atque
758 3029 834 3094 olim
866 3030 1010 3114 Athenis,
1042 3027 1098 3092 ubi
1130 3027 1186 3091 illa

224 3129 373 3216 collegia,
397 3149 479 3216 quae
501 3127 542 3193 δι’
564 3128 677 3211 ἡδονὴν
699 3131 937 3217 conveniebant,
963 3151 1069 3197 casnm
1087 3127 1185 3192 soda-

225 3233 305 3296 lium
324 3229 477 3296 aiiliotnm
492 3249 556 3294 non
573 3231 790 3318 sublevabant,
812 3235 872 3298 nisi
891 3255 926 3298 ex
947 3247 984 3296 eo
990 3228 1106 3316 ,quod
1120 3249 1186 3291 ne-

225 3332 315 3418 gotiis
339 3330 473 3418 peractis
495 3329 530 3394 ih
558 3351 632 3396 arca
656 3331 810 3398 societatis
833 3343 991 3421 supererat
1017 3327 1072 3420 (3).

266 3431 317 3497 Ad
338 3431 462 3517 Trajani
487 3431 582 3499 verba
603 3421 662 3499 aad
680 3417 726 3499 ari
747 3433 974 3499 sustinendam
1000 3431 1184 3496 tenuiorum

224 3539 389 3624 mopiam,
421 3537 580 3626 reliquum
614 3548 660 3604 est
693 3537 951 3620 animaduertere,
979 3535 1108 3620 quinam
1135 3533 1184 3596 illi

227 3641 391 3703 tenuiores
416 3639 492 3722 sint3
520 3639 668 3727 equidem
694 3662 747 3705 eos
774 3639 902 3726 collegii
927 3637 1026 3701 socios
1050 3643 1187 3720 putave-

224 3739 301 3824 rini,
334 3761 398 3803 non
435 3763 507 3806 vero
538 3745 680 3829 vulgares
712 3743 870 3823 homiues,
904 3739 958 3826 qui
988 3759 1024 3801 er
1051 3738 1185 3824 collegio

257 3993 299 4064 (l)
319 3993 386 4047 vict.
415 3995 509 4066 Antiq.
534 3995 598 4048 Jud.
615 3995 696 4049 XIV.
718 3997 760 4046 10
777 3995 804 4062 §·
822 3996 848 4048 82
866 3993 929 4045 edit.
947 3991 1078 4046 Richteri.
1113 3992 1192 4044 Coni.

223 4071 333 4130 Salmas.
349 4077 465 4131 Miscell.
487 4073 585 4130 delens.
602 4074 634 4131 C.
652 4083 678 4129 3.
696 4095 723 4145 p.
744 4077 787 4128 88.
824 4075 865 4144 (2)
885 4073 951 4126 Vitl.
963 4075 1032 4127 Plio.
1052 4073 1137 4141 Epist.
1156 4071 1195 4122 Χ

222 4155 257 4206 93
278 4165 305 4208 st
322 4160 365 4210 94.
403 4159 445 4229 (3)
465 4157 531 4213 vid.
551 4158 660 4211 Salmas.
680 4159 712 4211 tls
729 4158 810 4215 Usur.
829 4156 861 4209 C.
880 4159 906 4208 3.
926 4175 953 4224 p.
972 4159 1015 4209 50.
