2904 4826
606 457 782 572 μοι...

210 703 431 779 aetatemnon
455 690 548 758 luisse
569 702 728 756 menstrua
742 686 799 778 (1)
845 688 934 771 Quae
957 690 1062 756 omnia
1078 711 1177 778 mag-

210 795 259 860 nis
284 794 468 881 ambagibus
493 814 598 860 ansam
623 791 819 878 praebuisse,
847 813 911 857 non
935 803 981 858 est
1005 791 1092 880 quod
1113 795 1178 858 mi-

210 900 297 966 reris.
341 899 449 982 Quum
470 909 577 964 tamen
601 919 637 962 ex
663 907 776 962 neutro
802 887 875 964 loeo
901 909 1022 964 constet
1047 921 1087 964 an
1110 896 1179 964 bue·

210 1001 328 1068 referre
353 1011 494 1088 oporteat
513 998 656 1086 judicia,
679 1022 761 1087 quae
787 998 826 1066 de
849 1002 951 1066 erauis
970 1001 1181 1086 haberentur,

212 1106 320 1172 nullus
362 1105 474 1172 dubito
518 1105 596 1192 quin
642 1106 848 1172 eranistarum
889 1107 1076 1195 collegium,
1112 1127 1178 1194 quo

210 1211 400 1276 mercatores
435 1218 467 1271 et
500 1207 668 1272 naucleros
697 1207 829 1293 reioras,
858 1207 943 1274 idem
972 1222 1179 1296 sequerentur
1229 1199 1234 1207 ⁵

211 1312 391 1380 institutum
412 1307 476 1400 (2).
527 1310 658 1392 Quoties
682 1311 767 1378 enim
793 1332 856 1376 uon
882 1333 994 1378 eorum
1019 1311 1191 1400 collegio-0,

212 1435 285 1483 rum
313 1415 358 1478 ita
382 1413 576 1480 mentionem
601 1413 785 1500 injecimus,
816 1425 853 1482 ut
876 1415 971 1484 simul
995 1416 1181 1484 ostendere-s

212 1539 285 1588 mus
308 1519 354 1582 nil
379 1518 527 1584 iuteresse
548 1517 630 1582 inter
655 1517 840 1602 ναυκλήρους
847 1567 859 1600 ,
886 1523 1030 1604 ἐμπόρουΙ
1055 1531 1087 1586 et
1110 1525 1182 1608 ἐρα.

214 1621 339 1698 scotor?
352 1618 409 1711 (3)
453 1621 537 1688 Rem
559 1620 585 1684 si
607 1621 756 1706 exemplis
773 1621 979 1707 illustrarem,
1001 1633 1072 1688 aeta
1086 1645 1180 1711 agere

213 1726 291 1794 mibi
323 1725 453 1791 viderer.
505 1723 631 1790 Judioia
661 1725 758 1812 igitur
783 1736 851 1790 tum
876 1727 1081 1802 mercatoria,
1111 1737 1181 1792 tum

213 1830 394 1914 eranistica,
413 1828 508 1894 luisse
527 1837 687 1896 menstrua
709 1849 744 1893 er
765 1829 1012 1916 Harpocratione
1029 1831 1101 1896 satis
1116 1852 1181 1918 ap-

214 1944 302 2020 paret
325 1930 385 2022 (4)
412 1923 419 1936 ’

255 2038 302 2104 Ita
337 2036 473 2102 obtinuit
503 2036 538 2100 in
570 2034 730 2122 plerisque
758 2033 911 2102 Graeciae
941 2035 1121 2102 civitatibus
1148 2048 1181 2104 et

211 2159 285 2204 sero
319 2135 466 2220 Athenis,
501 2136 578 2200 licet
615 2135 694 2201 haee
725 2135 849 2221 judicia
875 2159 911 2202 ex
935 2159 991 2204 sua
1014 2138 1181 2225 republica

213 2241 415 2312 exterminata
450 2240 583 2304 voluerit
621 2239 719 2304 Plato.
771 2239 914 2325 Namque
947 2238 1009 2306 hoo
1040 2241 1191 2308 Platonis

212 2345 366 2434 placitum
400 2363 463 2410 uon
499 2340 578 2408 adeo
607 2361 740 2427 corpora
765 2351 911 2426 quaestus
936 2342 1034 2428 gratia
1060 2364 1180 2412 conso·-¹

211 2448 294 2512 oiata
318 2444 465 2530 respexit,
488 2465 598 2508 rerum
624 2464 678 2526 ea,
701 2465 782 2530 quae
806 2445 990 2529 praesertim
1011 2467 1098 2512 sacra
1123 2447 1179 2512 fa-

215 2550 321 2617 ciendi
347 2549 478 2614 oonsilio
504 2548 716 2612 convenirent.
762 2548 867 2630 Quare
893 2549 981 2613 nullo
1003 2559 1096 2634 paeto
1115 2548 1180 2616 ad·-
1213 2558 1226 2574 ”

213 2651 367 2724 mittenda
392 2651 471 2716 milri
496 2650 620 2718 ridetur
648 2671 759 2718 eorum
787 2651 956 2736 sententia,
984 2653 1040 2740 qui
1067 2665 1180 2740 putant

214 2756 351 2824 Platonis
379 2754 473 2821 rerba
503 2757 650 2841 ἐρανίζειν
673 2755 763 2837 φίλου
791 2759 874 2841 παρὰ
897 2755 996 2839 φίλους
1017 2756 1056 2822 de
1084 2780 1179 2826 erano

214 2861 389 2928 amisorum
419 2882 591 2948 egenorum
616 2883 681 2925 esse
706 2859 899 2946 accipienda.
944 2860 981 2926 Id
1006 2863 1091 2928 enim
1115 2888 1179 2952 quo

212 2967 319 3032 minus
346 2963 527 3048 credamne,
550 2963 651 3028 obstat
673 2985 767 3028 onrne
792 2964 838 3050 pii
864 2964 950 3028 illius
970 2967 1056 3031 erani
1082 2967 1181 3032 insti-

213 3080 334 3152 tutum,
382 3088 547 3154 uunquam
585 3065 709 3151 judicia
751 3067 932 3152 eranistioa,
948 3101 951 3108 ·
969 3091 1182 3158 quaeeunque

215 3171 344 3237 demum
366 3170 443 3254 sint,
474 3189 575 3256 quove
597 3167 692 3234 modo
715 3169 785 3234 lites
810 3169 1029 3256 intendantur,
1058 3171 1181 3248 admit-

213 3275 324 3358 tentis,
355 3273 404 3337 uti
435 3293 472 3336 ex
500 3271 644 3358 sequenti
669 3274 772 3358 capite
796 3272 987 3358 ridebimus3
1019 3286 1181 3362 praeterea

228 3431 578 3460 .....---l--———

240 3531 283 3601 (1)
303 3531 383 3587 Cous.
407 3527 516 3582 Roeckh
541 3525 760 3584 Stsatshausbalt.
786 3531 834 3583 der
861 3530 961 3585 Athen.
990 3533 1022 3586 P.
1040 3533 1064 3586 1.
1091 3553 1120 3604 p.
1139 3537 1184 3589 bb.

209 3613 250 3684 (2)
271 3613 317 3668 Sic
343 3614 414 3666 enim
439 3609 591 3665 iloeckbius
618 3612 647 3664 in
673 3611 756 3680 Corp.
783 3612 909 3682 inscript.
944 3616 975 3667 P.
1003 3614 1043 3668 II.
1068 3634 1096 3686 p.
1124 3615 1186 3670 170.

206 3699 356 3757 »Σὺυοδος
374 3704 413 3751 est
428 3699 560 3765 collapsam
577 3714 598 3748 s.
618 3697 789 3764 sodalitium,
808 3699 922 3768 ἔρανος,
942 3701 1054 3762 θίασος,
1072 3701 1186 3754 maxime

206 3785 366 3854 oeultqrum
391 3780 503 3850 alicujus
527 3777 615 3832 Dei..
626 3815 633 3830 .
644 3816 651 3832 .
662 3803 687 3846 .;
712 3779 778 3834 baec
797 3784 914 3850 synodus
929 3783 980 3834 fuit
996 3782 1072 3836 toris
1087 3781 1185 3850 bospi-

206 3867 301 3920 atalis.
337 3863 426 3935 Quam
444 3863 492 3932 qui
508 3862 645 3915 deducunt
661 3871 818 3918 mercatores
835 3871 861 3915 et
879 3866 1015 3930 naucleri,
1041 3865 1093 3934 ipsi
1110 3865 1184 3918 aliud

206 3952 385 4006 »sodalitium
409 3949 585 4002 constituunt.
615 3947 691 4000 cet.”
729 3948 769 4018 (3)
790 3947 869 4001 conf.
888 3945 997 4002 Bneolb
1016 3946 1187 4004 statutam..

208 4035 277 4088 halt.
296 4037 344 4088 der
363 4033 493 4088 Athones,
512 4034 531 4085 l.
543 4035 561 4085 l.
579 4040 606 4086 el.
622 4052 649 4102 p.
661 4034 720 4085 333.
758 4032 799 4102 (b)
820 4031 898 4084 Cous.
914 4031 1011 4086 Suidas
1026 4033 1054 4088 in
1071 4036 1189 4094 vocibus

204 4119 370 4190 'Eposssol,
393 4119 533 4185 ’Ἑμμηυοο
551 4124 578 4170 et
596 4116 774 4168 Ναυτοδίκαο
797 4114 889 4184 ibique
917 4115 1060 4185 Kusterue5
1080 4119 1182 4177 Potina

206 4201 241 4257 L·
262 4199 346 4256 Vllla
366 4219 386 4252 s.
405 4203 439 4254 63
457 4207 483 4252 et
502 4201 561 4254 101.
596 4196 663 4252 vict.
681 4215 760 4267 supra
779 4197 805 4264 §.
823 4198 849 4249 8.
868 4194 897 4248 h.
916 4214 939 4250 a.
