2904 4826
679 499 839 562 ..62-

279 702 369 746 secus
392 702 429 745 ao
455 680 622 763 eranistae,
651 699 738 744 suam
762 679 940 766 portionem
968 679 1130 746 tribueret
1175 683 1235 749 Fac

278 782 446 870 aliquando
488 769 647 869 inaequali
678 783 822 868 pensioni
853 784 961 848 locum
986 783 1096 868 luisse
1132 805 1236 851 nonne

277 897 355 950 tunc
400 905 538 971 aequum
586 883 625 946 sit
668 905 760 959 eum,
812 885 867 971 qui
913 886 1054 951 convivio
1097 887 1236 974 parando

277 1011 404 1076 operam
443 986 591 1072 dedisset,
628 989 834 1076 omniumque
870 1011 976 1056 rerum
1002 991 1041 1056 ad
1066 993 1238 1080 collegium

275 1093 500 1182 pertinentium
527 1093 586 1157 rite
606 1091 880 1158 ministrandorum
905 1095 1099 1180 provinciam
1122 1117 1237 1160 susce-

275 1200 386 1286 pisset,
430 1198 535 1262 minus
576 1197 680 1282 potius
722 1195 881 1280 conferre,
926 1217 1022 1282 quam
1059 1196 1109 1280 id,
1152 1197 1239 1284 quod

276 1302 393 1368 caeteri
428 1301 571 1365 conferre
600 1299 821 1386 neglexissem,
851 1298 1007 1384 supplere.
1051 1297 1128 1362 illibi
1157 1300 1237 1386 qui-

187 1415 190 1429 '
275 1406 349 1472 dem
369 1405 413 1470 ita
436 1403 578 1489 ridetur,
609 1413 640 1468 et
665 1424 728 1490 quo
755 1404 852 1491 magis
880 1426 948 1468 rem
974 1403 1147 1490 perspicio,
1182 1425 1238 1468 so-

276 1512 488 1596 cietatemque
515 1507 684 1572 consilium
707 1507 787 1572 mibi
813 1529 972 1594 propono,
1006 1509 1064 1572 ubi
1088 1529 1184 1594 opera
1208 1517 1239 1571 et

275 1611 428 1676 industria
445 1611 622 1697 saepissime
637 1631 840 1674 nummorum
850 1611 972 1676 vicibus
987 1611 1161 1697 iunguntur
1172 1607 1238 1699 (1),

275 1737 313 1780 eo
335 1714 434 1800 magis
455 1735 524 1779 mea
547 1714 749 1780 confirmatur
773 1714 944 1798 sententia,
966 1735 1048 1800 quae
1063 1735 1081 1778 a
1094 1715 1238 1778 Salmasii

274 1831 381 1885 ruente
403 1841 444 1883 nc
469 1820 569 1883 lotum
590 1818 720 1908 quidem
742 1837 882 1906 ungm
904 1817 1025 1883 recedit
1039 1815 1095 1908 (2).
1140 1816 1240 1882 Aliter

274 1945 348 1990 rere
379 1945 448 1988 rem
476 1922 627 2012 dijudicat
657 1922 825 2008 Heraldus,
861 1923 907 1987 air
936 1923 1140 2010 caeteroquin
1159 1922 1241 2008 juris

275 2028 480 2116 peritissimus
501 2028 558 2118 (ὅ).
662 2013 667 2023 ”
1211 2015 1214 2026 ’

321 2129 492 2196 Subductis
516 2131 612 2219 igitur
639 2129 829 2214 rationibus,
852 2129 955 2215 potins
979 2139 1041 2212 est,
1061 2141 1100 2192 ut
1123 2129 1241 2212 ereda-

276 2249 364 2314 mus,
397 2233 602 2298 emnarehom
633 2253 691 2318 pro
722 2231 800 2296 curo
835 2231 881 2294 nil
910 2251 1036 2316 prorsus
1068 2233 1240 2318 accepisse3

276 2334 460 2418 praesertim
503 2337 529 2400 si
564 2335 739 2422 cogitemus
780 2333 880 2400 socios
912 2335 1031 2400 alterna
1060 2335 1131 2401 ricc
1164 2357 1241 2403 era-

277 2435 415 2503 narcboe
438 2461 569 2504 munere
592 2439 717 2503 functos
738 2437 841 2502 luisse.

322 2541 376 2606 Sic
413 2542 509 2606 ctiam
539 2540 720 2626 accepimus
758 2539 920 2623 conuiuis,
962 2561 1043 2626 quae
1080 2561 1240 2606 sacrorum

279 2664 373 2708 eausa
395 2645 647 2729 celebrarentur,
668 2645 766 2728 Deos,
788 2635 905 2730 quibui
928 2663 1016 2710 saera
1036 2643 1163 2732 fierent,
1181 2645 1242 2710 iu-

277 2757 391 2810 teresse
419 2749 539 2832 solitos,
572 2767 755 2834 coenasque
790 2746 883 2811 luisse
907 2747 1135 2834 moderatores,
1166 2771 1242 2813 om-

278 2849 449 2934 niumque,
479 2850 535 2937 qui
568 2849 727 2935 adessent,
754 2848 849 2914 facile
864 2842 1046 2938 principes:
1066 2853 1123 2916 'sic
1147 2875 1175 2918 s.
1198 2875 1242 2939 gr.

278 2949 402 3034 Serapis
433 2949 499 3015 sere
531 2951 680 3018 omnibus
715 2951 1057 3039 conririis'praeerat,
1094 2954 1241 3018 utimur

278 3051 463 3120 ridebimus

705 3161 733 3248 §.
760 3162 810 3225 14.
1095 3226 1100 3233 .

322 3261 416 3344 Quod
452 3262 492 3328 de
526 3262 675 3352 Serapide
713 3264 747 3328 iu
776 3262 878 3328 boece
905 3263 992 3327 erani
1020 3282 1134 3350 genere
1156 3260 1243 3327 dixi-

279 3384 366 3448 mus,
399 3364 485 3430 idem
515 3368 610 3434 etiam
644 3368 687 3432 in*
710 3365 859 3432 conviviis
880 3366 1082 3432 solutioribus
1106 3365 1244 3453 obtinet,

280 3469 395 3556 quibus
429 3483 579 3559 tanquam
606 3480 827 3561 oopnooropme
852 3480 1003 3561 praeerat
1047 3473 1115 3538 lloc
1140 3471 1243 3558 enim,

278 3585 314 3638 ut
347 3575 391 3639 ait
424 3575 609 3663 Salmasius,
641 3577 785 3667 Serapidi
809 3600 884 3666 prae
908 3579 1039 3646 caeteris
1057 3575 1130 3644 dari
1153 3578 1244 3643 eole-

285 3761 646 3778 Ἣ

311 3859 353 3928 (1)
373 3859 440 3913 vid.
465 3861 605 3914 Justinian.
624 3861 711 3924 Instit.
729 3860 794 3914 Lib.
812 3859 868 3913 111.
886 3856 943 3914 'sie
961 3861 995 3912 de
1014 3857 1156 3912 Societate.
1175 3859 1202 3924 d.
1223 3857 1248 3909 2.
1271 3857 1273 3866 “

276 3941 355 3994 Conf.
370 3943 482 4011 Ulpiae.
498 3943 532 3996 sr.
551 3945 594 3996 52.
615 3945 641 4010 d.
652 3945 678 3996 2.
694 3945 731 3996 D.
748 3961 798 4015 pro
814 3942 904 3997 Sosio.
941 3943 983 4012 (2)
1003 3941 1069 3996 vid.
1087 3939 1200 3996 Salmas.
1216 3939 1250 3992 de

266 4023 390 4089 Uentis,
409 4026 438 4075 in
455 4025 584 4093 Omissis,
602 4045 631 4095 p.
647 4029 710 4080 6⁷8.
724 4046 781 4099 sg.;
795 4025 1022 4080 termulensem.
1037 4023 1070 4076 C.
1081 4025 1106 4076 3.
1115 4024 1251 4092 pauo-aq.

277 4106 319 4174 (3)
338 4105 403 4158 vid.
424 4105 540 4162 Observ.
568 4117 595 4160 et
618 4105 731 4166 Emend.
756 4110 792 4165 C.
812 4111 849 4164 ‘43
874 4117 901 4164 et
921 4111 974 4177 bb,
1001 4107 1117 4170 Observ-
1141 4105 1252 4158 sdstm

279 4187 336 4238 Art.
355 4195 381 4240 et
399 4187 476 4240 Rotn-
496 4189 548 4243 vl.
567 4193 583 4244 5
602 4197 628 4243 et
644 4193 669 4243 6.
1135 4209 1138 4215 “
