2886 4826
616 487 787 548 ...45-

219 677 344 752 ngatur.
387 662 542 742 Modicam
564 665 777 750 unusquisque
799 664 910 750 stipem
930 677 1087 731 menstrua
1110 666 1176 752 die,

146 776 149 781 “
221 767 295 830 »rel
322 785 394 830 cum
426 765 515 849 velit,
549 775 579 829 et
606 765 631 828 si
661 764 755 830 modo
783 767 889 852 possit,
920 769 1056 854 apponit.
1100 771 1178 836 llam

222 891 338 932 »nemo
360 869 574 954 compellitur,
597 867 650 932 sed
675 881 782 955 sponte
810 871 938 937 confert
983 873 1067 937 Haeo
1090 873 1178 959 quasi

222 973 381 1058 »deposita
402 971 526 1057 pictatis
548 983 634 1054 sunt,
657 983 716 1037 cet.
740 971 813 1061 (1).‘'
1281 1059 1284 1064 Ι

265 1078 345 1141 Hinc
368 1076 476 1162 colligi
500 1087 600 1163 potest
620 1077 779 1142 neminem
800 1077 840 1143 ad
860 1075 1039 1164 hujusmodi
1065 1078 1178 1163 stipem

220 1179 304 1242 statis
335 1177 529 1264 temporibus
557 1176 779 1243 conferendam
809 1179 944 1264 potuisse
973 1182 1060 1268 cogi;
1092 1181 1178 1268 quod

220 1293 324 1352 tamen
347 1282 437 1367 pium
461 1281 638 1346 institutum
657 1302 720 1367 qun
738 1281 836 1366 magis
859 1279 1058 1366 procederet,
1083 1282 1177 1346 luisse

220 1381 378 1468 quandam
398 1383 583 1450 'societatem
609 1383 671 1448 sire
697 1383 882 1470 collegium,
905 1384 994 1470 cujus
1017 1385 1095 1452 baec
1119 1409 1177 1452 ar-

167 1505 169 1509 ·
218 1507 257 1550 oa
282 1497 358 1550 esset
383 1489 577 1572 communis,
600 1477 774 1553 verosimile
796 1498 851 1552 eat.
896 1487 940 1552 Er
959 1487 1020 1553 hac
1041 1493 1177 1576 pecunia

181 1647 187 1654 .
220 1589 313 1653 etiam
348 1592 469 1672 ἀνάσσοις
505 1591 658 1656 celebrari
696 1589 799 1654 solitas
833 1587 1028 1657 crediderim.
1087 1593 1176 1675 Quae

221 1693 357 1758 convivia
385 1693 573 1780 respondere
604 1699 761 1780 ἑταιρικαῖς
787 1694 849 1758 illis
878 1696 1039 1778 conviviis,
1073 1717 1177 1784 quor-

219 1818 288 1861 sum
308 1806 433 1874 ttu‘zoooa
457 1800 613 1883 referunt,
637 1809 726 1886 putat
746 1798 926 1864 Salmasius:
955 1800 1056 1864 >rcum
1076 1803 1177 1886 enim,

216 1903 361 1988 ›rinpos't‚
393 1903 488 1987 pauci
523 1913 623 1966 essent
647 1901 813 1967 Christiani
838 1901 871 1964 in
895 1901 1024 1985 singulis
1045 1901 1176 1966 urbibus

216 2002 325 2068 »circa
355 2003 445 2070 initia
472 2003 627 2068 nascentis
652 2003 828 2086 Ecclesiae,
851 2003 1037 2090 quicunque
1056 2001 1175 2068 Christo

214 2125 354 2170 »nemen
399 2105 564 2189 dederant,
607 2105 697 2190 quasi
739 2125 839 2169 unum
879 2103 1109 2170 constituebant
1144 2115 1176 2168 et

215 2208 416 2276 »conflabant
438 2207 591 2295 ἑταιριιιόν
613 2216 761 2293 σύστημα,
789 2205 900 2273 iisdem
923 2208 1017 2273 sacris
1038 2207 1173 2292 partici-

214 2321 360 2394 »pantes,
392 2331 456 2375 una
484 2310 680 2374 convivantes
703 2322 735 2375 et
757 2331 957 2375 communem
980 2330 1083 2374 arcam
1107 2307 1174 2372 ba-

213 2411 346 2475 »bcntcs
371 2408 445 2499 (2).'’
489 2413 583 2478 Erant
609 2412 694 2476 enim
722 2414 839 2492 ἀνάπαι
867 2410 1048 2475 communia
1075 2407 1173 2476 Chri-

217 2514 388 2578 stianorum
409 2513 561 2598 convivia,
584 2515 629 2578 sic
652 2524 760 2578 vocata
785 2500 871 2599 quod
891 2513 1004 2598 partim
1028 2510 1174 2574 retinen-

215 2616 273 2682 dae
299 2626 427 2680 mutuae
457 2617 591 2682 caritatis
613 2629 643 2681 ct
667 2618 897 2703 conjunctionis
923 2638 1030 2700 causa,
1060 2615 1174 2702 partim

214 2729 341 2805 propter
373 2719 550 2784 alimoniam
577 2719 771 2785 Clericorum
794 2731 825 2784 et
853 2740 1043 2806 pauperum,
1069 2727 1173 2782 essent

222 2901 577 2922 m

244 2993 286 3065 (l)
307 2993 372 3047 Vid.
398 2993 538 3065 Apologet.
559 2993 591 3049 C.
610 2993 755 3061 xxx1x;
781 2995 851 3048 cons.
871 2993 979 3048 Salmas.
999 2998 1031 3050 de
1049 2997 1131 3053 Usur.
1149 3000 1177 3053 in

207 3075 316 3130 Omissis
329 3097 356 3149 p.
367 3080 434 3145 6803
454 3079 564 3130 Herald.
584 3075 725 3133 Observat.
745 3079 779 3130 ad
795 3079 843 3131 Jns
859 3081 916 3132 att.
936 3086 963 3130 et
977 3079 1054 3131 Rom.
1070 3079 1122 3131 Vl.
1140 3083 1174 3144 5,

206 3159 253 3212 nbi
278 3161 311 3210 τὸ
339 3162 427 3212 κοινὸν
454 3160 600 3232 {percursis
623 3178 677 3212 non
700 3161 830 3214 immerito
856 3169 933 3229 putat
946 3161 1024 3214 fuisse
1043 3179 1129 3214 arcam
1144 3179 1177 3212 es

206 3241 328 3296 fidelium
348 3243 448 3298 ·Eranis
474 3247 647 3310 instructam,
674 3245 713 3296 ita
739 3251 768 3296 ut
787 3245 829 3297 illi
853 3245 944 3314 ’ἔρανοι
960 3251 1044 3296 essent
1058 3243 1177 3310 deposita

203 3324 309 3391 pietatis
328 3326 469 3394 (nterea
486 3329 641 3397 χρήματα).
684 3326 726 3379 Ne
744 3327 805 3396 quis
822 3333 907 3376 tamen
923 3323 1074 3396 hujusmodi
1089 3325 1177 3377 colle·
1217 3384 1219 3390 Ι

203 3408 244 3476 gia
270 3409 367 3460 referat
393 3410 427 3460 ad
453 3411 561 3479 ἐράνους
589 3411 731 3462 amicorum
757 3411 938 3480 indigentium.
965 3437 1000 3454 -
1025 3409 1176 3462 Accedebat

206 3494 276 3546 enim
302 3491 368 3546 baec
392 3491 513 3546 fidebam
537 3495 647 3548 collatio
666 3496 747 3564 magis
761 3495 794 3546 ad
810 3493 990 3562 ἐλεημοσύνην
998 3527 1006 3553 ,
1025 3509 1091 3561 quae
1108 3491 1176 3542 clam

203 3577 232 3629 iu
258 3593 386 3646 pauperes
410 3578 575 3645 erogabatur.
618 3575 683 3628 vid.
701 3594 783 3644 porro
802 3575 911 3629 Salmas.
930 3575 962 3625 de
977 3573 1058 3626 Usur.
1079 3571 1112 3622 C.
1131 3571 1174 3621 21.

205 3681 234 3730 p.
251 3662 313 3713 654.
336 3679 396 3730 sqq.
439 3659 517 3712 Conf.
536 3659 631 3713 'Lucae
652 3661 745 3714 Actor.
773 3659 812 3714 11.
838 3663 882 3712 tt.
905 3677 962 3728 sq.;
990 3653 1042 3708 IV.
1059 3655 1174 3724 34.sq.;

202 3741 239 3798 V.
266 3745 300 3810 ²5
336 3760 403 3812 quas
431 3741 459 3796 S.
485 3741 639 3810 Scripturas
664 3745 741 3809 loca,
769 3745 886 3814 quamvis
912 3744 1024 3793 omnium
1054 3739 1175 3790 bonorum

133 3871 135 3874 .
201 3829 399 3879 communionem
424 3833 542 3892 spectare
568 3827 687 3894 possint,
714 3845 729 3876 a
759 3825 877 3878 fanaticis
904 3831 990 3875 tamen
1014 3819 1122 3890 pess'mre
1148 3827 1175 3874 ct

200 3909 271 3962 malo
284 3925 363 3963 sensu
377 3908 551 3975 accipiuntur.
587 3905 643 3960 Sed
660 3914 732 3960 recte
750 3907 857 3959 omnino
873 3903 941 3956 hanc
957 3907 1171 3968 communionem,

201 4007 256 4042 non
289 3991 376 4042 minus
410 4007 489 4060 quam
524 3987 725 4059 Pythagoricem
750 3987 824 4039 illam
849 3987 884 4037 τὰ
909 3982 962 4036 τῶν
989 3985 1072 4047 φίλων
1095 3987 1172 4036 κοινὰ

202 4091 229 4122 ιι.
245 4091 271 4122 e.
288 4074 314 4123 p„
341 4069 625 4140 explicat'Salmasius
649 4072 682 4123 de
704 4068 786 4124 Usar.
813 4069 832 4120 l.
851 4069 870 4119 l.
913 4067 955 4136 (2)
975 4065 1041 4122 vid.
1062 4065 1171 4122 Salmas.

201 4152 313 4206 bsrscell.
333 4155 433 4207 delens.
453 4153 485 4206 C.
505 4155 530 4205 3.
549 4169 576 4220 p.
595 4155 639 4205 88.
675 4149 753 4204 Conl.
772 4149 804 4204 C.
822 4151 848 4201 l.
867 4167 894 4217 p.
914 4149 973 4202 tas.
