2886 4826
605 525 743 584 ..9-

187 703 280 766 velim
301 723 390 767 rocos
416 703 511 786 ἕρανα
534 697 602 788 (pl.)
626 711 657 764 et
676 702 814 786 ἔρανιον,
838 703 921 789 opud
943 705 1014 770 illos
1036 707 1153 772 Gram—
1246 697 1250 714 ⁴

188 805 316 872 melicos
353 801 400 892 (1)
442 802 565 885 obrius,
599 824 722 890 semper
765 803 897 871 eandem
932 809 995 874 vim
1034 809 1150 876 hebere

186 931 224 974 ao
256 911 281 974 si
314 910 489 974 inveniatur
522 907 641 998 ἔρανος)
675 908 761 996 quod
797 909 836 974 ed
872 912 1077 978 collationem
1119 927 1150 980 el

188 1013 324 1096 donum,
362 1010 443 1099 nihil
481 1011 625 1092 interest;
668 1023 699 1076 et
744 1014 849 1098 ἔρανος
880 1022 1041 1100 praeterea
1077 1039 1152 1082 rne-

181 1116 345 1201 lephoriee
377 1125 545 1199 usurpatur
579 1135 637 1200 pro
673 1114 886 1203 boniqnitote,
918 1121 1047 1205 pratia,
1070 1143 1149 1186 ruu-

181 1239 274 1300 noro,
297 1217 555 1288 remuneratione
579 1215 642 1305 (2),
675 1227 710 1292 ul
734 1217 815 1284 inire
842 1241 898 1284 suo
925 1221 997 1286 loco
1019 1220 1148 1287 ridebi-

184 1339 265 1385 mus.
312 1317 383 1396 Quo
404 1327 506 1380 tamen
525 1337 617 1380 sensu
635 1339 727 1382 voces
751 1319 939 1410 ἴρανα(ρ1.),
963 1333 995 1388 et
1016 1326 1149 1409 ἕραννον,

184 1421 317 1504 aliaeve,
339 1442 509 1507 nusquam,
533 1421 618 1510 quod
648 1423 762 1506 sciam,
791 1438 971 1493 occurrunt.
1017 1429 1051 1492 Si
1078 1431 1149 1518 quis

183 1547 257 1590 vcro
277 1526 375 1591 euriae
406 1526 490 1590 rocio
524 1527 630 1613 ἔρανος
654 1527 896 1614 significationes
927 1531 1062 1603 subinde
1091 1555 1151 1600 ex·-

180 1629 294 1714 poeiles
324 1627 482 1714 inspicere
508 1629 597 1712 uelit,
631 1628 722 1694 rdeat
750 1632 805 1698 ille
829 1633 1057 1702 Grammaticos
1088 1659 1149 1702 ve-

120 1773 125 1780 ·
182 1744 277 1816 teres,
311 1731 509 1798 Athenaeum
539 1731 603 1823 (3),
623 1735 851 1824 Etymologum
879 1739 934 1822 m,
965 1741 1150 1827 Harpocra-

179 1839 314 1920 tionem,
340 1837 487 1921 Suidem,
521 1836 713 1925 Hesychium
742 1836 804 1928 (4),
840 1840 1004 1906 Pollucem
1037 1841 1085 1932 (5)
1119 1855 1151 1908 et

181 1941 379 2010 Eustallrium
402 1940 442 2010 od
458 1943 630 2011 Homerum
654 1939 710 2032 (6).
764 1942 1013 2029 significationes
1041 1967 1149 2033 porro,

183 2065 260 2131 quas
296 2043 401 2111 adhuc
434 2045 566 2111 inlectos
593 2045 794 2131 reliquimus,
823 2045 1000 2111 oonririum
1022 2069 1058 2114 ex
1079 2071 1150 2115 aere

180 2147 295 2209 collato
324 2145 513 2210 instructum
544 2167 643 2234 quum
672 2145 868 2232 potissimum
904 2161 1061 2235 spectent,
1090 2154 1149 2217 in·
1230 2209 1234 2215 .

181 2250 241 2334 ira,
274 2249 331 2313 uhi
365 2249 404 2314 de
439 2249 502 2314 hoo
540 2253 627 2318 erani
660 2271 774 2338 genere
801 2252 861 2314 erit
886 2249 1079 2336 dicendum,
1102 2255 1150 2317 il-

131 2377 132 2382 *
182 2352 415 2434 lustrationum
437 2373 514 2440 ques
545 2364 667 2437 tamen,
695 2353 845 2438 quoniam
867 2352 907 2416 ed
938 2355 1023 2418 vocis
1047 2357 1149 2424 intel-

159 2455 347 2542 ligentiam
382 2455 485 2520 minus
520 2455 657 2538 iaciunt,
692 2454 746 2520 hic
779 2457 1026 2541 praetermittere
1058 2460 1150 2524 salius

182 2557 269 2622 duxi.
305 2591 306 2598 ν

620 2661 648 2746 ς.
679 2665 708 2726 7.

229 2761 256 2823 Α
282 2782 356 2826 voce
387 2762 492 2849 ἔρανος
524 2763 603 2828 aliae
640 2783 768 2850 quoque
801 2763 955 2830 deductae
993 2779 1079 2852 sunt,
1113 2780 1148 2833 ul

185 2869 335 2953 ἐρανικὰς,
368 2865 517 2950 ἐρανίζειν
524 2913 534 2944 ,
566 2869 720 2950 ἔρανναμὸς
741 2863 805 2954 (7),
838 2872 965 2954 loculoso
987 2866 1049 2958 (8),
1078 2873 1148 2955 ipo-

186 2974 304 3050 seorim
325 2969 405 3033 aliae
427 2988 501 3032 vero
527 2969 733 3053 composilae,
763 2983 799 3036 ul
819 2975 998 3060 ἐρανάρχην,
1022 2976 1148 3060 ἐρανέμ.

73 3070 76 3078 ’
182 3073 288 3154 nomo,
316 3074 540 3157 ἀρχιερανιανὴς
561 3068 610 3158 (9)
632 3081 664 3136 el
693 3076 920 3163 orpooqeolorpm
942 3073 1027 3165 (10),
1064 3097 1144 3160 quae

182 3199 236 3241 vox
262 3175 434 3270 peculiaris
454 3183 515 3256 est,
542 3193 617 3238 cum
642 3187 768 3261 propter
793 3176 920 3265 linguae
945 3198 1053 3253 usum,
1077 3189 1144 3240 tum

182 3282 206 3344 si
235 3267 355 3344 morem
384 3277 546 3362 respicias,
573 3277 830 3368 quandoquidem
857 3281 1023 3358 mulierem
1049 3301 1143 3343 erano

180 3383 506 3470 praeiuisse,ejusque
520 3381 1047 3470 iuiseemoderalricem,nusquam
1061 3381 1145 3466 apud
1228 3404 1232 3408 *
1267 3369 1272 3379 ’

181 3501 322 3554 auctores
341 3511 393 3553 me
415 3489 519 3574 legere
543 3489 683 3554 memini.
729 3489 791 3554 seo
815 3489 893 3554 haec
917 3490 963 3553 nil
989 3507 1044 3551 noo
1067 3507 1144 3550 rno—

189 3687 544 3711 A*

207 3786 249 3856 (l)
263 3785 314 3840 Gff.
327 3785 433 3854 Suides,
452 3787 600 3859 Hesychius
614 3792 642 3844 iu
655 3791 743 3845 rocib.
754 3791 864 3862 singuli,
880 3791 970 3861 ibique
980 3792 1146 3858 interpretes.

154 3933 158 3936 ,
175 3868 215 3936 (2)
237 3866 303 3922 vio.
324 3869 438 3940 Hesych.
456 3873 484 3926 in
502 3890 529 3926 v.
549 3871 698 3944 Ἐραννῆς,
723 3873 770 3927 uhi
787 3875 929 3940 exponitur
954 3875 1146 3938 ἀνταπόδοανς.

176 3953 216 4022 (3)
236 3951 271 4004 L.
289 3953 373 4008 VIII.
390 3975 418 4024 p.
430 3957 491 4010 362.
510 3955 543 4008 Ε.
580 3958 621 4026 (1)
640 3958 771 4018 Invccih.
788 3959 913 4028 singulos.
950 3961 992 4030 (ὅ)
1012 3959 1146 4014 L.v111.

174 4039 275 4090 8.157.
311 4037 352 4107 (6)
373 4037 428 4093 Od.
449 4041 482 4092 A.
502 4041 564 4094 226.
599 4043 640 4111 (7)
661 4043 744 4095 Dion.
764 4043 850 4095 Helio.
868 4063 895 4111 ρ.
908 4045 985 4096 1264.
1015 4045 1056 4114 (8)
1071 4045 1147 4097 Plato

175 4118 208 4170 de
232 4117 311 4189 Legg.
331 4120 384 4172 XI.
404 4124 465 4175 915.
493 4125 529 4175 E.
575 4125 616 4192 (9)
636 4123 701 4178 vid.
729 4123 847 4178 Boeckh.
870 4127 898 4178 in
921 4127 1003 4198 Corp.
1023 4129 1147 4198 inscript.

177 4201 206 4252 P·
220 4201 258 4253 11.
281 4222 309 4272 p.
330 4205 390 4258 173.
427 4206 486 4276 (10)
507 4203 625 4260 Boeckh.
645 4225 687 4276 op.
709 4207 726 4258 l.
746 4207 775 4259 P.
796 4205 835 4258 II.
854 4225 881 4276 p.
902 4209 961 4262 162.

1014 4298 1033 4355 2
