2886 4826
662 508 823 570 -54..

258 685 309 751 Ad
332 685 419 774 quod
443 685 634 774 collegium,
664 709 736 752 mea
765 687 935 773 sententie,
965 690 1060 756 etiam
1087 693 1223 778 pertinet

257 789 347 854 locus
376 787 557 854 Philostrati
580 789 614 853 in
643 789 716 859 vita
745 788 906 876 Apollonii
934 791 1042 879 Tyanii
1071 791 1137 883 (vt
1163 795 1227 884 2.),-

256 911 353 978 quem
387 889 588 957 casaubonus
620 887 686 955 huc
717 893 873 978 respicere
904 903 997 980 negat
1018 891 1083 983 (1):
1119 915 1222 960 sermo

256 993 342 1059 enim
374 993 421 1058 ibi
452 1004 498 1060 est
526 993 566 1060 de
592 995 645 1079 iis,
674 994 731 1082 qui
751 995 921 1081 jactantiae
947 1017 1041 1062 causa
1064 999 1165 1064 varios
1189 1022 1222 1065 se

254 1095 361 1160 lacere
393 1107 513 1162 sumtus
541 1096 743 1183 profitentur:
779 1097 848 1164 ἀλλ’
874 1103 987 1182 ὁμὲν,
1015 1101 1135 1188 inquit,
1158 1113 1221 1171 do.

253 1198 367 1284 ματέρα
399 1203 601 1283 σηπόμενοι
633 1203 667 1267 ἐν
697 1199 762 1286 ὥρᾳ
793 1207 909 1285 γάμου,
944 1207 965 1269 ό
999 1203 1032 1270 δὲ
1059 1207 1126 1273 dada
1161 1207 1221 1292 ἤδη

251 1301 398 1370 τελοῦντα
416 1308 458 1377 εἰς
480 1303 611 1388 ἄνδρας,
633 1307 654 1369 o‘
673 1304 706 1370 dd
727 1309 835 1391 ἐράνου
850 1306 1011 1394 sciapodas&
1026 1308 1046 1373 i.
1060 1330 1088 1373 e.
1115 1310 1220 1376 »alius

253 1403 374 1470 »filiam
402 1405 552 1470 simulans
573 1428 606 1472 se
629 1405 748 1474 hahere
772 1411 917 1476 nubilem
939 1411 986 1508 (in
1011 1413 1103 1499 cujus
1124 1414 1222 1501 igitur
1296 1403 1300 1411 ⁸

252 1509 407 1597 »gratiam
437 1505 493 1572 dos
523 1507 710 1576 collocanda
742 1509 849 1600 esset),
879 1514 960 1578 alius
982 1513 1086 1579 filium
1110 1515 1222 1600 puhe-

252 1632 359 1696 nrem,
382 1610 436 1676 cui
458 1620 531 1696 toga
550 1609 648 1675 virilis
672 1623 751 1678 emet
771 1611 889 1700 dando,
912 1615 993 1681 alius
1019 1616 1107 1680 erani
1132 1638 1221 1702 pen-

252 1710 423 1783 »uonem”
1036 1783 1038 1786 .

296 1816 443 1883 Attamen
465 1813 626 1880 mittamus
649 1815 777 1905 longam
801 1811 938 1886 lleraldi'
952 1818 1013 1885 hac
1038 1817 1079 1884 de
1102 1841 1137 1884 re
1157 1841 1220 1885 ex·
1310 1863 1312 1866 -

253 1920 448 2004 cerdonem,
484 1915 616 1982 dicentis
648 1919 792 2006 exiguam
830 1921 919 1987 illam
956 1913 1084 2008 stipem,
1120 1904 1224 2007 quarn¹
1316 1981 1320 1988 .

254 2024 405 2091 eranistae
442 2019 585 2086 conferre
622 2041 749 2086 necesse
772 2021 953 2107 haherent,
985 2045 1049 2088 non
1080 2021 1222 2108 obstare,

253 2149 319 2217 quo
352 2125 457 2192 minus
494 2124 565 2210 quis
592 2122 776 2190 foeneraret.
820 2126 904 2190 Hinc
927 2127 983 2193 illa
1007 2130 1115 2212 ἐράνου
1140 2124 1220 2207 πλή-

253 2254 356 2318 ρωσις,
380 2229 471 2316 cujus
490 2225 585 2292 modo
604 2226 810 2293 Philostratus
833 2228 993 2313 meminit,
1019 2227 1121 2293 inanis
1142 2239 1222 2293 esset
1310 2240 1311 2243 ’

251 2333 431 2422 jactantiae.
469 2328 533 2396 Sed
546 2328 625 2397 haec
640 2329 769 2395 Heraldi
783 2331 936 2397 sententia
950 2330 1050 2418 magis
1062 2329 1219 2416 respicere

254 2435 382 2503 videtur·
424 2433 558 2522 collegia
600 2433 710 2522 primis
745 2433 993 2501 Christianorum
1025 2434 1221 2521 temporihu's

254 2540 396 2606 instituta
411 2535 468 2627 (2)
507 2536 605 2602 Attici
628 2537 713 2602 enirn
735 2537 901 2624 scriptores
925 2538 1056 2625 exiguae
1077 2539 1164 2625 stipis
1185 2539 1221 2604 in
1296 2593 1298 2597 Α

170 2691 173 2700 -
253 2665 361 2711 arcam
395 2639 577 2706 inferendae
604 2661 776 2728 nusquam,
803 2641 890 2728 qnod
915 2643 1030 2728 sciam,
1061 2643 1220 2708 memine-

252 2756 336 2812 runt.
390 2741 567 2807 Discrimen
600 2729 721 2827 tamen,
755 2742 842 2830 quod
872 2744 1020 2831 proponit
1048 2744 1221 2832 lleraldus,

253 2869 329 2916 oum
364 2843 404 2911 do
439 2844 528 2910 tenui
569 2845 625 2911 illa
661 2845 739 2930 stipe
774 2845 933 2933 loquitur,
970 2846 1053 2910 inter
1088 2867 1221 2934 corpora

142 2993 145 3000 »
253 2950 405 3044 opificum
431 2959 463 3014 et
489 2948 625 3036 collegia
649 2947 869 3034 eranistarum,
898 2969 936 3013 eo
957 2949 1054 3032 valet,
1077 2959 1113 3013 ut
1137 2951 1220 3013 nul·-

251 3055 284 3119 la
313 3047 496 3137 hujusmodi
528 3049 664 3137 collegia
692 3061 857 3137 agnoscat,
885 3048 946 3113 nisi
977 3069 1103 3134 eranos,
1131 3048 1217 3114 undo

253 3157 348 3226 amisi
370 3156 462 3243 egeni
476 3156 670 3242 juvarentur.
843 3158 844 3164 ’

213 3308 215 3314 .
296 3257 572 3344 Quemadmodum
611 3261 646 3323 τὸ
690 3255 836 3342 ἔλλειμμα
874 3255 1048 3349 opponitur
1075 3253 1216 3341 integrae

252 3362 411 3452 pensioni3
433 3361 477 3427 sic
498 3360 677 3427 Athenaeus
699 3355 747 3449 (3)
768 3360 803 3424 in
827 3358 977 3425 Oratione
998 3357 1104 3446 Lysiae
1130 3379 1215 3422 con-
1259 3348 1262 3352 ’

252 3476 301 3532 ιιι
325 3463 514 3529 Aeschinem
537 3463 704 3532 ὑπόλοιπον
724 3467 821 3550 φορὰν
844 3462 961 3550 accipit
983 3459 1022 3526 de
1046 3483 1109 3546 eo,'
1131 3461 1237 3552 quod·

252 3567 396 3656 pensioni
427 3566 587 3633 absolutae
615 3563 738 3648 dedrat5
766 3563 806 3630 de
830 3586 891 3653 qua
913 3561 1121 3652 reliquatione
1142 3583 1216 3630 om-

252 3671 329 3736 nino
348 3667 500 3736 ridendus
526 3681 572 3735 est
594 3669 761 3736 Salmasius
785 3665 848 3758 (4),
877 3669 959 3732 hene
982 3688 1109 3734 eausam
1131 3689 1218 3734 con-

283 3938 326 4009 (1)
346 3939 413 3994 vid.
431 3942 614 4016 Animadvers·
632 3943 662 3996 in
681 3939 780 3995 Athen.
796 3960 825 4011 p.
845 3942 906 3996 est.
924 3959 965 4012 sq.
1002 3941 1045 4014 (2)
1065 3941 1130 3998 Vid·
1149 3941 1224 3996 Ter-

247 4022 352 4094 snum.
379 4024 521 4095 apologet.
550 4026 583 4079 c.
606 4025 745 4079 xxx1x.
791 4027 833 4097 (ι)
851 4025 887 4079 ι..
909 4025 997 4080 ιιιιι.
1022 4044 1050 4096 p.
1073 4027 1136 4080 on.
1160 4027 1219 4092 m,

249 4105 334 4160 confr.
359 4103 456 4178 Lysiae
478 4109 569 4178 fragm.
595 4111 621 4161 5.
647 4110 673 4160 7.
699 4109 778 4164 Tem.
801 4108 854 4166 Vl.
879 4109 912 4162 lt.
958 4109 1001 4181 (A)
1020 4108 1086 4165 vid.
1105 4107 1225 4163 Miscell-

249 4191 348 4246 delens.
364 4186 397 4244 C.
412 4191 437 4242 2.
453 4208 480 4260 p.
497 4193 548 4264 ld,
568 4193 620 4258 46,
640 4193 674 4245 dd
691 4200 718 4245 et
736 4196 779 4247 55.
