2886 4826
641 494 814 565 -42-ς·

252 680 349 770 loqup.
395 675 480 769 llaec
505 673 589 746 enim
613 673 747 761 collegia
765 671 859 758 luisse
878 674 979 758 licita,
1002 675 1071 762 ipsa
1087 677 1208 750 Solonis

252 782 300 862 ler
332 775 465 842 indicat:
497 775 609 838 illicita
630 795 703 839 uero
729 775 862 861 collegia
881 775 949 860 jam
969 776 1051 845 inter
1072 779 1209 846 Graecos

151 879 156 886 ’
252 859 379 966 coiisse,
413 889 522 946 auctor
558 888 604 942 est
637 876 832 962 Aristoteles,
861 879 916 965 qui
947 899 1054 946 omnes
1078 883 1212 968 ἑταιρίας

247 991 271 1050 'e
306 981 468 1076 tyrannide
499 978 714 1068 exterminatas
745 979 859 1063 voluit,
891 981 1006 1066 quippe
1040 1004 1120 1069 quae
1156 984 1209 1067 iis,

254 1088 310 1174 qui
335 1107 440 1178 rerum
462 1081 553 1184 potiti
577 1093 691 1168 esseut,
714 1093 873 1168 suspectae
897 1081 1078 1152 riderentur.
1097 1095 1129 1148 et
1144 1083 1211 1162 ha-

254 1189 419 1270 berentur,
449 1205 583 1272 quorum
607 1183 755 1268 intererat
782 1191 856 1267 μήτε
882 1187 1015 1250 συσσίτια
1043 1190 1121 1270 τ’,ιῖινἸ
1138 1191 1211 1267 μήτε

255 1275 409 1376 ἑταιρίαν,
439 1295 512 1370 μήτε
541 1287 700 1375 παιδείαν,
729 1292 802 1368 μήτε
829 1285 906 1352 ἄλλο
931 1292 1032 1372 μηθὲν
1049 1295 1209 1369 τοιοῦτον,

255 1396 334 1462 utto
370 1386 496 1481 (πάντα)
533 1385 710 1470 φυλάττειν,
745 1391 820 1456 ὅθεν
854 1391 942 1456 εἴωθε
969 1393 1110 1472 γίνεσθαι
1138 1391 1209 1469 (loo,

255 1501 433 1586 φρενῄματᾴΔ
464 1519 495 1559 τε
530 1495 583 1558 καί
618 1494 849 1568 πίστις’,.......
885 1497 938 1568 καί
968 1501 1071 1569 πάντα
1096 1501 1210 1573 ποιεῖν,

258 1603 289 1680 ἐξ
325 1585 371 1673 ὧν
404 1594 532 1684 putrem
561 1596 693 1674 α’·γνῶτες
724 1595 863 1679 ἀλλήλοις
889 1597 1009 1666 ἔσονται
1034 1604 1162 1678 πάντες,
1193 1601 1212 1680 ἦ

256 1708 313 1790 γὰρ
350 1705 457 1780 γνῶσις
491 1699 591 1766 πίστιν
624 1704 705 1766 ποιεί
734 1698 850 1781 μᾶλλον
880 1703 953 1785 πρὸς
978 1699 1124 1782 ἀλλήλους
1150 1695 1207 1785 (1).

257 1803 309 1883 Sic
343 1803 492 1878 Isocrates
524 1800 646 1878 monuit
675 1802 821 1887 ἑταιρείας
853 1823 917 1866 non
946 1823 1011 1867 esse
1035 1801 1208 1886 habendas,

256 1902 316 1974 nisi
341 1924 501 1996 asumma
526 1902 709 1968 auctoritate
731 1915 831 1968 essent
852 1904 1017 1989 permissae
1029 1901 1086 1994 (2).
1130 1905 1210 1971 Col-

257 2003 339 2094 legia
362 2004 474 2091 illicita
496 2003 652 2070 habentur
675 2025 756 2090 quae
783 2005 913 2091 publica
939 2009 1122 2078 auctoritate
1146 2031 1209 2078 nun

256 2119 329 2172 sunt
363 2111 528 2174 constituta
559 2107 638 2204 (3),
654 2110 760 2196 qualia
790 2111 864 2175 Jure
886 2111 1029 2175 Romano
1054 2112 1210 2198 prohibita

256 2223 359 2295 crant,
390 2234 430 2275 ne
461 2213 612 2277 factiones
638 2223 669 2275 et
696 2210 861 2275 seditiones
886 2211 944 2274 suh
966 2213 1057 2276 titulo
1081 2215 1208 2304 collegii

257 2326 459 2404 nascerentur
481 2313 536 2404 (4).

301 2415 408 2496 Quum
442 2429 547 2484 tamen
583 2428 699 2498 veteres
735 2415 900 2495 Christiani
931 2438 969 2482 eo
1001 2423 1211 2504 pervenissent

257 2519 437 2602 κακοζηλία·
473 2532 509 2584 ut
535 2526 688 2594 θιασώτας
723 2518 763 2584 od
791 2521 977 2608 religionem
1008 2524 1211 2594 Christianam

259 2621 474 2705 transferrent,
497 2621 627 2706 accidit,
650 2632 769 2685 utnon
791 2622 850 2685 ni'si
875 2625 995 2709 magnis
1015 2629 1212 2693 cautioni-hus

257 2722 437 2806 hujusmodi
472 2729 621 2815 ἑταιρεῖαι
640 2737 740 2816 essent
765 2727 928 2811 toleratae,
957 2728 1213 2818 quandoquidem

258 2823 332 2888 inde
365 2825 550 2910 praecipuae
579 2827 833 2912 persecutionum
858 2827 1000 2895 adversus
1025 2830 1215 2900 Christianos

260 2925 460 2990 excitatorum
484 2928 663 2994 oriebantur
685 2950 805 2995 causae.
845 2929 948 3011 Quare
963 2931 1122 2998 Maecenas
1135 2955 1212 2996 mo-

259 3026 329 3090 nuit
361 3025 550 3113 Augustum,
583 3041 619 3093 ut
644 3051 750 3094 omnes
779 3041 895 3095 exteras
918 3032 1106 3120 suspiciones
1130 3056 1211 3120 pro-

262 3134 314 3198 cul
348 3132 388 3197 ab
420 3132 552 3218 imperio
591 3145 724 3220 arceret,
761 3135 886 3226 quippe·
912 3155 990 3222 quae
1024 3135 1213 3222 alienigenas

262 3237 351 3327 quasi
374 3236 455 3328 Deos
478 3235 727 3330 introducerent,
758 3235 898 3326 adeoque
923 3227 1043 3310 multos
1060 3237 1101 3309 ud
1124 3237 1213 3320 sedi-

206 3337 211 3341 ’
261 3341 368 3414 ῑίιιιιεεΔ
392 3337 602 3423 impellerent,
632 3351 667 3404 ut
701 3339 796 3406 tradit
831 3341 888 3404 Dio
923 3340 1053 3406 Cassius·
1075 3337 1136 3430 (5),
1169 3340 1218 3405 his

263 3443 378 3506 uerbis:
417 3443 464 3506 ὅτι
490 3447 581 3508 ιιαιντί
615 3447 685 3509 τινὰ
719 3444 860 3525 δαιμόνια
889 3446 928 3508 οἱΔ
946 3448 1075 3510 τοιοῦτον
1100 3447 1216 3518 ἄντας-

264 3545 417 3630 φέροντες,
454 3542 580 3618 πολλοὺς
613 3547 831 3611 ἀναπείθουσιν
866 3545 1123 3636 ιίλλιιτριιινομείν,
1158 3553 1216 3630 sols

264 3645 369 3742 τοείταυ
392 3647 443 3708 καί
470 3647 661 3728 συνωμοσίαι,
685 3650 736 3734 κα(
763 3655 928 3732 spondaeus,
950 3651 1092 3734 ἑταιρεῖαί
1114 3675 1146 3728 τε
1167 3651 1216 3729 γί-

258 3781 619 3802 munh——

294 3835 334 3906 (Ι)
357 3837 466 3905 Aristot.
488 3837 568 3890 Polit.
581 3835 616 3889 V.
637 3839 678 3892 ll.
695 3839 759 3891 edit.
778 3839 908 3902 Duvallii.
945 3840 986 3910 (2)
1007 3839 1040 3892 ln
1059 3839 1138 3898 Orat.
1153 3859 1218 3911 quae

257 3919 411 3970 inscribitur
435 3919 566 3990 Nicocles.
602 3921 679 3974 Cous.
705 3921 816 3984 Heruld,
842 3920 981 3976 Observat.
1000 3923 1034 3975 ud
1053 3923 1099 3974 Jus
1117 3925 1174 3978 stt.
1193 3932 1220 3978 et

259 3999 335 4068 Ilum.
354 3998 406 4050 vl.
424 4003 450 4050 5.
493 4004 533 4072 (3)
554 4001 630 4057 Cont.
650 4004 684 4055 l'r.
705 4005 730 4056 3.
750 4003 874 4070 §21,D.
894 4005 1006 4057 decoll.
1026 4012 1052 4056 et
1069 4022 1159 4071 corp,
1183 4005 1218 4060 fr.

261 4082 286 4150 1.ι
303 4098 346 4149 pr.
369 4081 411 4156 D„
434 4086 506 4151 quud
524 4086 700 4156 cujuscunque
710 4089 831 4154 ,univers
848 4105 919 4150 nom.
964 4091 1005 4160 (4)
1025 4087 1088 4142 Vid.
1107 4087 1218 4150 sueton,

257 4165 285 4218 iu
303 4165 420 4235 Augusto
438 4165 469 4217 C.
489 4166 613 4218 XXXII.
650 4171 691 4238 (5)
710 4169 745 4224 L.
763 4169 828 4223 Lll.
846 4190 872 4240 p.
891 4173 951 4224 490.
969 4171 1004 4223 Ε.
