2886 4826
563 511 565 515 ’
685 489 846 554 -58-

286 673 390 738 ricem
425 691 480 757 per
512 666 688 756 analogiam
725 678 875 756 oeoupat:
911 689 1065 756 namque,
1098 672 1146 738 uti
1180 684 1247 758 post

288 778 412 862 ἔρχομαι
444 771 567 858 aliaque
612 768 708 857 bujus
748 771 982 860 signifieationis
1016 774 1111 840 verba
1147 777 1249 842 omitti

289 879 368 943 solet
395 875 584 964 praepositio
612 879 672 956 εἷος
699 873 785 940 idem
810 897 937 964 quoque
958 887 1062 944 nostro
1087 879 1159 946 loeo
1185 880 1249 946 ob-

288 983 389 1048 tinere
411 979 491 1046 mihi
511 977 634 1044 ridetur
656 973 713 1066 (1).

333 1087 405 1169 Quo
440 1079 568 1149 tandem
600 1078 695 1146 modo
729 1080 915 1148 συνείλεκται
945 1067 1122 1170 significare
1155 1083 1251 1169 possit
1360 1171 1364 1176 Ι
1440 1113 1441 1164 t

289 1189 455 1277 ooldiparo,
491 1181 675 1267 omme,
708 1193 744 1250 ut
766 1185 833 1248 rult
858 1181 1075 1270 casaubonus,
1108 1207 1161 1252 rae
1185 1208 1250 1252 non

289 1293 467 1379 intelligere
488 1287 596 1352 fateor.
640 1286 783 1373 Namque
808 1287 868 1354 hae
893 1291 1120 1378 significatione
1145 1290 1251 1360 osiu-

289 1405 398 1480 reoues
431 1405 477 1459 est
500 1391 633 1458 verbum
657 1390 815 1478 medium,
845 1394 932 1480 quod
960 1395 1080 1462 indicat
1104 1395 1250 1484 eolliqm

285 1522 349 1588 pro
375 1521 410 1562 ae
430 1492 493 1586 (2),
526 1492 618 1579 eujus
650 1493 827 1580 perfeetum
855 1495 936 1561 foret
971 1497 1140 1578 οονείλογε,·
1175 1520 1250 1562 rae-

290 1604 378 1668 dium
421 1610 527 1665 autem
561 1598 679 1684 passird
714 1599 815 1664 forma
850 1602 1011 1687 usurpari,
1047 1613 1083 1666 ut
1117 1602 1251 1670 vidimus

288 1705 409 1773 factum
429 1703 464 1770 in
490 1705 637 1786 ἀφῖγμαι,
659 1701 707 1766 rix
731 1702 804 1767 sinit
828 1703 925 1768 nostri
948 1703 1037 1768 verbi
1060 1704 1147 1768 ratio.

334 1805 476 1889 monim,
505 1805 582 1868 lieet
602 1802 762 1870 interdum
785 1805 829 1870 ita
851 1805 970 1870 factum
996 1829 1014 1872 a
1034 1807 1258 1874 Grammaticis
1279 1813 1283 1818 ’

290 1932 411 1975 sumus·
424 1907 529 1973 edocti
550 1903 614 1995 (3);
645 1917 710 1972 toto
739 1918 844 1972 tamen
870 1909 976 1996 Lysiae
1000 1911 1071 1976 loeo
1096 1913 1251 1997 perlecto,

289 2025 399 2104 sponte
424 2009 602 2100 apparebit,
623 2009 670 2076 ibi
686 2011 873 2098 neutiquam
893 2011 933 2080 de
955 2035 1064 2100 erano,
1086 2035 1151 2100 quo
1171 2035 1254 2100 ege-

289 2122 324 2186 ni
352 2119 556 2206 juvarentur,
590 2135 655 2180 esse
684 2135 880 2198 sermonem
912 2115 968 2184 sed
999 2115 1038 2182 de
1070 2139 1181 2202 erano,
1213 2115 1254 2184 ad

288 2243 386 2310 quem
420 2229 594 2286 menstruas
626 2219 792 2305 pensiones
827 2219 966 2286 tribuero
997 2219 1138 2286 solebant
1166 2223 1253 2287 eooii.

291 2324 377 2408 Quid
408 2323 496 2388 enim
527 2319 615 2388 aliud
649 2321 709 2388 sibi
743 2323 852 2388 volunt
876 2323 972 2389 verba
993 2329 1048 2400 τὰς
1073 2327 1255 2404 ὑπολοίπους

289 2435 400 2518 φοράς,
433 2429 493 2494 nisi
527 2428 597 2494 illas
630 2427 813 2512 pensiones,
856 2449 991 2513 quarum
1026 2431 1254 2516 Harpocration

289 2533 452 2621 meminit,
482 2550 621 2618 quasque
652 2530 687 2594 in
712 2552 820 2598 aream
843 2529 1001 2616 deponere
1025 2529 1255 2622 (καταβάλλειν)
1328 2541 1331 2548 “
1440 2525 1441 2546 ’

294 2636 472 2724 oportebat:
500 2653 637 2718 namque
670 2631 721 2717 id,
752 2631 838 2720 quod
866 2632 986 2700 ratione
1012 2655 1103 2700 arcae
1130 2647 1256 2702 vocatur

290 2745 326 2808 sd
347 2739 482 2818 arnna,
506 2735 626 2802 ratione
641 2733 726 2818 ejus,
748 2735 805 2821 qrsi
821 2734 993 2822 reliquatus
1009 2747 1070 2822 eat,
1091 2737 1257 2806 ὑπόλοιπον
1317 2785 1327 2807 2

292 2841 425 2922 dicitur;
456 2837 598 2923 adeoque
625 2849 788 2924 superest,
820 2838 883 2904 sire
906 2839 1027 2905 residu
1050 2842 1080 2906 ei
1104 2841 1256 2928 peounia,

291 2961 373 3031 quas
406 2941 436 3004 si
470 2939 555 3026 pacti
586 2938 669 3008 inter
705 2951 845 3008 caeteros
880 2944 981 3010 socios
1012 2945 1085 3012 initi
1120 2945 1255 3033 collegio

290 3043 450 3130 competit.
501 3041 644 3111 Verbum
676 3046 879 3114 κατατιθέναι
912 3045 952 3112 de
985 3049 1136 3134 pensione
1165 3072 1255 3118 arcae

291 3143 455 3212 inferendi
476 3155 660 3230 usurpatur,
689 3157 721 3212 et
745 3148 893 3214 convenit
919 3171 994 3216 oum
1020 3151 1181 3220 inculeare
1202 3180 1259 3221 κα.
1361 3233 1363 3236 p

228 3310 231 3316 .
291 3249 456 3340 ταβάλλειν
491 3245 555 3338 (4),
590 3249 634 3315 ita
667 3259 703 3312 ut
735 3249 791 3316 illa
825 3252 934 3337 pensio
966 3255 1056 3338 quasi
1080 3253 1256 3342 depositum

293 3367 373 3422 esset
397 3352 739 3446 unuscujusqueoui
764 3353 799 3420 iu
824 3339 1005 3426 secietatem
1026 3359 1258 3444 admitteretur,

293 3461 329 3541 in
354 3479 455 3548 eaque
483 3479 609 3524 manere
637 3459 739 3525 vellet.
789 3459 835 3526 De
860 3461 971 3528 iisdem
996 3463 1098 3528 eranis
1119 3461 1258 3533 Aeschi-

295 3587 350 3630 nes
374 3565 408 3630 in
434 3563 582 3630 Oratione
608 3560 752 3628 adsersus
777 3563 1013 3650 Ctesiphontem
1033 3565 1185 3652 cogitasse
1204 3566 1259 3630 ri-

295 3667 404 3754 detur,
436 3668 493 3733 ubi
518 3668 665 3756 legimus:
698 3667 792 3734 ἔπειτ’
813 3669 979 3755 ἀπέρχεσθε
1004 3673 1037 3735 ἐκ
1061 3673 1123 3737 τῶν
1152 3659 1259 3752 ἐκκλῄ-

255 3979 258 3986 ,
326 3929 368 3997 (1)
389 3929 467 3984 Coei.
483 3929 517 3984 L.
527 3927 579 3983 Bos
591 3930 628 3983 de
640 3929 737 3998 Etlips.
747 3927 843 3982 Graec.
858 3946 886 3996 p.
896 3929 956 3998 tro,
967 3946 1007 3996 sq.
1017 3926 1082 3978 edit.
1093 3924 1264 3980 Schwabelii.

292 4013 336 4082 (2)
356 4011 423 4066 vid.
443 4013 584 4068 Demostb.
607 4015 721 4070 Midian.
747 4034 774 4082 p·
793 4016 855 4071 547.
874 4012 952 4068 Torn-
971 4013 996 4068 1.
1014 4011 1068 4078 lb,
1087 4029 1121 4065 ue
1139 4011 1190 4064 alia
1207 4011 1267 4066 loce

291 4110 443 4150 memorem.
480 4097 522 4166 (3)
541 4099 619 4152 Cous.
633 4097 763 4152 Matthiae
782 4097 900 4153 Graium.
917 4097 968 4152 Gr.
986 4100 1085 4166 §.tso
1123 4099 1165 4169 (b)
1186 4097 1265 4153 Coni-

218 4229 221 4234 ,
291 4173 401 4230 Roeckb
419 4176 641 4236 Stmsbausbatt.
659 4181 707 4236 der
719 4171 823 4238 Arbon.
838 4185 870 4240 P.
887 4182 911 4236 1.
928 4203 957 4253 p.
976 4183 1055 4252 362„
1077 4183 1117 4240 11.
1135 4205 1163 4256 p.
1183 4186 1227 4240 37.
