2904 4826
647 499 830 560 *122-

256 703 338 756 tum.
384 683 439 748 Sin
468 691 574 746 autem
604 681 694 744 nullo
723 699 876 766 personae
902 675 1026 762 adjecto
1057 694 1132 742 casn
1159 691 1219 740 nou

256 791 329 858 satis
359 785 481 876 liquide
508 795 645 868 constet,
678 795 786 848 utrum
818 781 966 866 ἐρανίζειν
996 781 1160 870 οοίίίηινα,
1184 802 1221 846 an

257 893 403 982 conferre
427 887 598 976 significet,
619 883 705 952 rocis
735 884 922 972 significatio
945 885 1038 950 facile
1065 885 1141 950 elici
1159 906 1221 970 po-

256 997 330 1064 terit
356 1017 392 1060 ex
419 994 567 1060 orationis
601 1013 701 1075 nexu,
732 990 826 1054 utin
856 989 919 1053 boc
945 987 1111 1054 Aeschinis
1138 991 1222 1052 loco:

256 1105 332 1170 ὅταν
362 1097 416 1169 οὖν
432 1149 542 1166 .....
558 1107 621 1184 τοῖς
652 1099 739 1164 δ’ύπύ
766 1099 829 1162 τῶν
857 1095 996 1178 δημοτῶν
1024 1094 1224 1176 οτιφανουμί·

257 1231 322 1280 νοις
348 1207 401 1270 καί
423 1203 560 1292 φυλετῷν
587 1205 702 1290 α’πείπη
728 1205 769 1285 μὴ
797 1206 997 1284 κηρύττεσθαι
1023 1206 1086 1273 τοῖς
1110 1224 1225 1284 τραγομ.

258 1311 339 1391 ύοίρ,
360 1311 415 1376 ἵνα
445 1309 550 1392 μηδείς
577 1307 722 1392 ἐρανίζων
758 1307 921 1385 οτεφανούς
949 1304 1001 1366 καί
1034 1308 1208 1386 κηρύγματα
1214 1349 1248 1384 ,,

258 1413 359 1496 ψευδῆ
376 1409 552 1494 φιλοτιμίαν
572 1417 698 1488 κτᾶται,
715 1409 745 1472 τί
765 1409 799 1471 τὸ
820 1404 1077 1487 καταλειπόμενόν
1096 1409 1158 1470 ἐστι
1171 1400 1226 1492 p).

238 1518 365 1598 -Quem
389 1511 555 1578 Aeschinis
583 1513 692 1574 locum
722 1510 923 1595 interpretari
951 1529 1016 1572 non
1042 1518 1088 1571 est
1119 1505 1228 1570 consi-

169 1669 173 1678 .
258 1619 356 1698 linm;
381 1613 466 1678 vocis
490 1613 638 1698 ἐρανίζειν
663 1609 924 1695 significationem
954 1610 1109 1674 indicasse
1139 1606 1226 1672 suffi-

149 1767 152 1776 .
261 1719 340 1802 ciat,
363 1737 400 1780 ex
429 1735 492 1800 quo
521 1713 658 1800 intelligi
681 1713 776 1799 possit
808 1714 902 1778 inisse
934 1715 1056 1778 auctori
1079 1711 1227 1798 proposi-

261 1832 329 1886 tum
354 1817 393 1882 de
416 1817 607 1902 bonoribus,
629 1839 693 1904 quo
716 1815 819 1882 studio
842 1828 965 1882 certent
988 1817 1150 1894 homines,
1174 1816 1228 1882 di-

262 1943 352 2007 ccre,
374 1931 410 1986 ut
433 1920 574 2007 praemia
594 1921 685 2007 quasi
710 1921 845 1986 collecta
865 1918 1045 1985 credideris.

697 2025 725 2108 s.
749 2025 801 2088 20.
971 2017 976 2029 ’

307 2128 488 2215 Antequam
517 2127 594 2192 huic
620 2125 659 2192 de
686 2127 795 2190 Eranis
817 2123 1020 2211 disputationi
1040 2125 1138 2192 finem
1162 2128 1230 2192 im-

263 2250 399 2315 ponam,
437 2229 598 2315 reliquum
631 2238 677 2292 est
713 2227 823 2312 paucis
858 2249 1004 2314 monere,
1038 2252 1136 2316 qnam
1170 2234 1232 2296 tate

263 2353 321 2396 ror
341 2335 462 2416 ἔρανος,
488 2343 640 2418 tanquam
669 2328 863 2394 beneficium
892 2331 1063 2417 aliquando
1092 2333 1233 2398 redden·

266 2435 343 2510 dum
358 2446 471 2522 pateat.
517 2433 678 2516 Quocirca
695 2434 783 2518 jurat
801 2433 941 2518 proferre
962 2436 1141 2522 exemplum
1157 2457 1234 2500 cra-

264 2541 314 2623 ni,
347 2561 411 2604 uon
440 2538 518 2604 adeo
543 2537 753 2602 benefactoris
781 2536 929 2622 posteris,
951 2548 988 2600 ut
1018 2539 1164 2604 Herculis
1185 2539 1234 2602 li-

265 2644 351 2710 beris
385 2638 505 2708 facturn
540 2643 693 2727 vidimus,
730 2641 901 2726 reddendi,
937 2665 1047 2708 rerum
1080 2645 1114 2708 iu
1144 2645 1234 2728 alios,-

269 2745 410 2832 ejusdem
431 2746 642 2812 benefactoris
662 2745 857 2812 beneficium
879 2743 990 2809 itidem
1015 2746 1234 2831 implorantes,

267 2849 467 2932 conserendi3
491 2849 582 2932 cujus
604 2849 651 2912 rei
672 2847 900 2914 documentum
919 2849 1050 2935 praebet
1068 2849 1234 2931 Isocrates,

270 2975 345 3018 cum
368 2951 459 3032 dioit3
481 2958 609 3034 η’γοῡμαι
629 2956 686 3038 γὰρ
706 2960 768 3027 τοῖς
791 2957 848 3037 μίν
871 2955 1004 3030 dantuiri·
1027 2940 1235 3040 δυσουροῦσιν,

271 3055 356 3120 ἐκδὲ
380 3052 556 3136 φιλοσοφίας
584 3049 822 3144 χρηματίζεοῦύαί
840 3059 993 3140 ζητοῦσιν,
1017 3061 1158 3131 ἅπαντας
1171 3060 1239 3130 τούς
1263 3107 1265 3110 -

270 3159 365 3225 πλείω
392 3161 733 3245 πεπραγματευμένους,
758 3164 810 3226 καί
834 3161 951 3244 μᾶλλον
973 3163 1259 3250 απηκριβωμίνους’

271 3269 430 3346 προςηκειν
454 3263 617 3338 ἐθελοντὰς
651 3270 758 3332 τοῦτον
788 3265 930 3350 είςφίρειν
957 3271 1011 3332 τόν
1044 3269 1154 3353 ἔρανον
1180 3263 1237 3356 (2).

170 3365 172 3370 ”
270 3367 381 3451 Neque
402 3365 512 3430 exinde
535 3365 613 3431 adeo
636 3367 805 3431 conficitur
826 3371 935 3452 ἔρανον
956 3369 1074 3453 statim,
1096 3369 1155 3433 ubi
1173 3369 1238 3434 be-

150 4427 229 4448 1-

270 3469 446 3534 nefactores
473 3469 610 3534 vicissim
626 3469 781 3556 ¹indigere
806 3470 977 3556 incipiant,
1001 3493 1066 3535 esse
1095 3470 1239 3536 redden-

306 3726 347 3796 (1)
368 3726 401 3778 In
427 3725 628 3794 Ctesiphontem
652 3745 679 3795 p.
697 3727 757 3777 434.
778 3743 838 3794 sqq.
859 3725 919 3796 (60)
938 3725 1015 3777 Tom.
1035 3725 1092 3778 111.
1111 3727 1144 3778 R.
1174 3728 1247 3778 suot

267 3809 448 3878 κηρύγματα,
480 3812 574 3878 perros]
601 3809 759 3872 φιλοτνμίαν
786 3811 894 3860 κτᾶται.
940 3807 985 3860 Sic
1012 3807 1076 3876 legit
1102 3805 1246 3874 Wotfius,

268 3889 401 3956 probante
424 3889 557 3959 Taylor03
583 3889 706 3943 Reisbius
728 3907 792 3944 vero
817 3890 929 3958 perinde
955 3908 1010 3942 esse
1035 3897 1129 3958 putat,
1158 3898 1249 3944 utrum

270 3967 339 4021 banc
362 3971 504 4024 lectionem
529 3981 669 4037 tueamur,
696 3989 728 4023 an
754 3973 869 4040 legamus
892 3972 940 4022 καί
959 3972 1124 4041 κηρύγματα
1140 3975 1249 4039 ψευδῆ,

267 4053 426 4115 φιλοτιμίαν
444 4058 560 4116 κτᾶται,
586 4062 616 4107 ut
635 4055 737 4109 scilieet
752 4056 844 4121 ψευδῆ
862 4057 896 4108 ad
915 4055 1080 4123 κηρύγματα
1098 4056 1246 4124 pertineat:

233 4207 238 4218 ι
269 4137 393 4209 equidem
420 4139 566 4204 praeferam
592 4136 704 4208 Taylori
730 4145 756 4193 et
783 4138 886 4195 Wolfii
917 4138 1067 4193 lectionem.
1120 4138 1161 4207 (2)
1181 4135 1250 4192 Vid.

271 4222 388 4288 Busiris,
410 4220 441 4272 C.
462 4223 486 4272 t.
