2886 4826
587 512 757 575 ...15-

633 695 660 779 §-
687 699 713 758 1.

153 860 159 874 ,
245 800 313 880 Quo
339 796 436 883 magis
457 797 566 880 ἔρανον
594 817 658 862 esse
682 801 857 866 convivium
889 803 1059 866 multorum
1091 803 1149 866 in-

198 903 386 988 telligamus,
407 897 572 962 redeamus
598 897 637 962 ad
661 899 761 966 lentes
782 902 866 968 unde
888 901 970 968 hanc
990 905 1149 968 notionem

195 1008 397 1073 hauserimus.
434 1004 486 1068 Sic
499 1003 677 1070 Eustathius
692 1003 757 1096 (1),
779 1007 950 1095 Hesychius
964 1005 1011 1096 (2)
1026 1017 1057 1072 et
1071 1008 1150 1070 Sui-

198 1111 250 1177 rlas
279 1108 327 1197 (3)
364 1107 478 1171 docent
514 1107 622 1190 ἔρανον
651 1128 715 1171 esse
740 1109 863 1178 πολλῶν
888 1115 981 1176 τινῶν
1005 1108 1150 1194 εὐωχίαν,

153 1203 157 1214 ’
199 1216 261 1278 sire
292 1218 329 1278 τὸ
355 1215 389 1277 ἐκ
415 1207 560 1297 συμβολῆς
587 1212 710 1279 δεῖπνον
732 1210 798 1302 (4),
831 1215 892 1278 sive
915 1218 971 1295 τὴν
994 1217 1026 1278 ἐκ
1050 1219 1150 1278 κοινοῦ

198 1318 342 1395 toriacum
375 1323 419 1376 est
451 1311 544 1398 igitur
574 1313 749 1378 convivium
783 1317 956 1382 multorum
990 1335 1026 1378 ex
1059 1334 1152 1376 oom-

198 1420 295 1484 mraor'
331 1415 444 1479 colluto
477 1413 628 1480 celebrari
667 1415 807 1499 solitum,
847 1419 908 1484 ἀπὸ
940 1423 990 1483 τοῦ
1024 1423 1152 1500 συεερᾷν

198 1526 259 1588 καὶ,
279 1521 434 1607 συμφέρειν
459 1518 586 1586 ἕκαστον
612 1515 660 1607 (5)
692 1523 742 1584 καὶ
770 1523 943 1607 εὐωχεῖσθαι
969 1517 1031 1608 (6);
1066 1539 1151 1582 con-

194 1624 335 1688 ferebant
375 1622 460 1687 enim
508 1619 622 1706 singuli
662 1631 801 1708 tempore
848 1643 1022 1706 sacrorum,
1068 1641 1150 1708 quac

195 1727 234 1791 ob
274 1727 402 1812 frugum
438 1724 563 1809 copiam
598 1734 668 1809 post
705 1745 835 1790 messem
876 1723 922 1815 (7)
963 1727 1151 1811 plerumque

192 1831 380 1898 incidebant.
425 1828 476 1894 Ad
500 1851 581 1916 quae
617 1849 704 1894 saera
732 1829 1015 1895 celebrandarum
1039 1841 1152 1914 magna

194 1955 315 2020 semper
339 1932 504 1998 hominurn
537 1931 713 2020 frequentia
752 1931 946 2014 conveniret,
977 1929 1151 1994 verosimile

195 2047 255 2118 est,
277 2034 338 2100 hao
362 2033 557 2119 potissimum
583 2034 765 2118 occasione,
786 2034 867 2099 inter
888 2034 1005 2098 amieos
1020 2033 1078 2097 sibi
1094 2034 1152 2096 in-

194 2141 295 2206 vicem
315 2138 449 2220 oblatos,
464 2135 503 2202 de
518 2139 658 2204 convivio
672 2137 811 2204 ineundo
826 2139 1013 2205 convenisse.
1058 2135 1152 2216 Quod

192 2252 298 2306 tamen
311 2241 503 2324 convivium,
525 2241 639 2326 quain
661 2262 696 2305 re
716 2239 808 2304 distet
829 2241 869 2306 ab
890 2242 1062 2322 εἰλαπίνης,
1086 2261 1152 2303 ou-

187 2345 240 2429 jus
271 2365 398 2432 quoque
432 2343 576 2408 meminit
607 2350 716 2429 poeta,
750 2341 917 2406 rideamus.
976 2341 1029 2404 Sic
1067 2341 1151 2404 enim

145 2473 149 2480 ·
195 2446 254 2512 Od.
277 2447 314 2512 l.
337 2448 410 2510 226.

228 2569 278 2628 Τλς
294 2569 375 2634 διελς,
396 2565 438 2626 sle
455 2569 488 2620 δὲ
506 2567 597 2632 ὅμιλος
614 2567 660 2619 te’
676 2567 776 2620 ἔπλετο
783 2585 796 2627 ,·
814 2570 896 2619 sirm
915 2567 950 2618 rt
968 2583 998 2618 σε
1016 2563 1109 2635 χρεόε

224 2649 366 2711 Ettoote’,
382 2651 412 2716 ἠὲ
428 2652 522 2716 γάμος·
539 2651 601 2703 rost
619 2650 667 2702 oin
686 2650 781 2720 ἔρανος
797 2650 914 2719 τόθεν
930 2651 1012 2702 ἐστίν.

197 2757 229 2811 et
251 2745 309 2812 Od.
332 2755 371 2814 Λ.
394 2750 469 2813 415.

347 2857 472 2924 ἣγόμφ,
490 2857 507 2921 ἢ
523 2856 619 2926 loricas,
637 2857 654 2921 ἢ
672 2857 802 2927 ελλαπλνῃ
818 2857 966 2927 τεθαλυίῃ.

237 2961 281 3024 Ex
308 2981 372 3047 quo
399 2959 497 3045 priori
535 2960 663 3024 Homeri
692 2962 763 3025 loco
796 2971 881 3047 patet
913 2963 1023 3048 ἔρανον
1061 2961 1153 3026 fuisse

193 3066 376 3130 convivium
397 3063 595 3126 multorum.-
617 3083 673 3125 vox
702 3062 805 3144 ὅμιλος
833 3065 918 3128 enim
947 3063 1027 3128 nihil
1053 3063 1154 3145 aliud,

192 3167 252 3230 nisi
287 3179 425 3249 coetum,
467 3163 710 3229 multimdioem
749 3165 919 3252 significat;
962 3165 1016 3230 soal
1054 3189 1154 3252 quum

193 3271 342 3356 pleraque
369 3269 579 3333 conviviorum
606 3289 721 3354 genera
747 3267 825 3332 belli
846 3267 971 3354 Trojani
996 3269 1154 3352 tempori-

192 3371 253 3435 bus
280 3370 440 3436 turmatim
469 3369 604 3433 solerent
630 3367 799 3454 celebrari,
832 3369 857 3432 si
886 3369 1022 3434 Homero
1058 3365 1154 3430 fidem

225 3545 267 3612 (l)
280 3543 325 3594 Ad
334 3543 412 3594 Hom.
422 3540 476 3592 Od.
487 3542 521 3592 A.
531 3542 591 3594 226.
612 3541 653 3612 (2)
667 3542 699 3595 In
708 3543 874 3614 r.’'Eperoe.
896 3545 936 3613 (3)
951 3542 983 3594 ln
994 3561 1020 3596 v.
1029 3541 1156 3611 Ἐρανος.

192 3629 232 3696 (l)
243 3627 378 3692 Συμβελὴ
388 3624 433 3678 hic
441 3625 580 3680 collective
588 3627 731 3694 accipitur,
750 3623 845 3677 Latine
859 3642 913 3676 non
921 3625 999 3688 item,
1020 3631 1049 3674 ut
1059 3623 1159 3677 confici

189 3709 252 3760 licet
276 3726 309 3761 ex
333 3709 426 3760 Plauto
450 3708 479 3758 in
503 3707 612 3760 Curcul.
637 3707 688 3761 lv.
708 3715 732 3763 l.
752 3708 793 3760 13.
830 3709 871 3777 (5)
893 3705 992 3760 Athen.
1011 3705 1046 3759 L.
1070 3706 1156 3760 Vlll.

189 3811 216 3861 p.
229 3793 289 3844 362.
299 3789 332 3843 Ε.
368 3792 409 3861 (6)
429 3791 546 3862 Etymol.
563 3791 602 3844 M.
621 3794 649 3845 in
667 3793 829 3862 v.''Eposoc.
868 3792 909 3861 (7)
929 3791 1006 3843 Festa
1018 3798 1159 3860 postmer-

190 3891 244 3926 rem
267 3879 295 3924 et
319 3873 492 3940 vindemiam,
511 3875 601 3944 qualia
625 3874 812 3944 antiquissimis
830 3872 994 3941 temporibus
1017 3874 1158 3942 praecipue

192 3959 320 4010 celebrari
344 3959 481 4025 solebant,
508 3961 632 4013 θαλύσια
656 3967 734 4016 vocat
762 3958 870 4010 Homer.
898 3956 933 4008 ΙΙ.Δ
960 3957 983 4008 1.
1008 3960 1068 4028 530.
1105 3959 1159 4012 Sed

192 4041 255 4095 lraec
273 4044 356 4113 eligito
379 4051 535 4098 monstrasse
560 4045 680 4100 sufficiat.
723 4043 760 4096 V.
777 4060 859 4110 porro
878 4041 998 4094 Eustath.
1019 4044 1052 4095 ad
1074 4041 1102 4094 lr.
1120 4045 1158 4107 l.;

193 4126 302 4179 Aristot.
321 4125 385 4180 Eth.
403 4125 489 4182 V111.
507 4145 544 4182 11.
579 4133 621 4183 De
637 4129 767 4184 conviviis
782 4128 836 4180 illis
853 4126 1017 4193 Homericis,
1037 4145 1097 4180 cum
1113 4145 1158 4178 se-

193 4205 299 4261 criliciis
321 4227 424 4277 semper
448 4213 611 4280 conjunctis,
631 4213 730 4282 egregie
748 4210 869 4279 exposuit
886 4209 1004 4264 Doctiss.
1023 4209 1049 4262 J.
1067 4209 1156 4279 Terp-

192 4293 243 4338 stra
261 4290 288 4342 in
308 4291 474 4360 Antiquitete
492 4293 639 4348 Homerica.
658 4311 686 4363 p.
707 4295 765 4346 lte.
784 4309 842 4363 sqq.
