2904 4826
609 513 771 576 -93-
869 505 871 515 '

204 719 312 766 omnes
333 697 551 763 benefactores
578 693 728 782 deinceps
755 694 883 760 alterius
909 696 1060 760 auxilium
1086 695 1177 762 desi-

205 798 338 868 derent?
393 801 466 882 Quo
499 821 575 864 casn
613 819 678 863 non
717 795 813 862 credo
853 797 945 862 illum
980 797 1179 864 sublevatum

204 908 298 972 facile
333 907 552 990 inventurum,
592 903 677 969 unde
710 902 841 990 singulis
875 903 979 967 solvat.
1010 939 1055 952 --
1083 901 1179 985 Quod

204 1020 308 1073 tamen
336 1009 425 1074 affert
446 1011 581 1094 Potitus,
604 1011 713 1096 ἔρανον
735 1007 818 1070 intra
842 1025 983 1070 mensem
1009 1027 1074 1071 esse
1096 1008 1177 1074 red-

203 1111 361 1199 dendum,
383 1113 417 1179 id
441 1116 546 1180 minus
568 1114 632 1179 bue
655 1113 814 1200 pertinere
835 1112 902 1198 jam
925 1135 943 1178 a
966 1114 1177 1202 Wcsselingio

202 1215 374 1282 refutatum
403 1228 449 1281 est
474 1215 538 1308 (l):
567 1218 623 1281 ille
653 1217 740 1280 enim
765 1215 860 1280 Petili
884 1234 971 1280 error
997 1228 1178 1282 contractus

203 1334 250 1388 est
275 1345 312 1388 ex
333 1323 415 1388 male
441 1321 604 1388 intellecti
634 1312 894 1408 llmpocrationis
918 1321 1181 1407 interpretatione

201 1425 288 1490 vocis
308 1430 479 1511 ἐρανιστὴς,
503 1447 585 1513 qnae
601 1447 679 1509 poa,
703 1445 768 1488 non
789 1423 850 1488 nisi
874 1421 913 1488 de
937 1425 1077 1512 perlecto
1100 1447 1179 1492 era-

205 1529 358 1594 nistarum
382 1530 518 1618 collegio
543 1530 646 1616 accipi
664 1539 775 1616 potest.
821 1526 982 1608 Quocirca
1002 1529 1087 1594 subit
1108 1530 1179 1605 mi,-

203 1633 284 1716 rari‚
315 1632 371 1719 qni
399 1632 518 1698 factum
544 1633 599 1716 sit,
629 1643 666 1698 ut
693 1632 813 1696 Petitus
841 1631 963 1697 dietum
991 1633 1178 1720 Harpocra-

204 1736 296 1800 tionis
314 1737 423 1800 locum
441 1757 505 1800 non
527 1735 642 1799 melius
661 1735 860 1801 intellexerit.
905 1737 967 1800 Fac
982 1759 1055 1802 vero
1069 1738 1177 1824 legum

202 1840 379 1906 Atticarum
412 1839 637 1926 peritissimum
662 1838 755 1902 illum
787 1838 891 1902 virum
915 1837 998 1902 hanc
1017 1825 1181 1924 ’ἓρανιστοῦ

202 1943 427 2030 expositionem
458 1935 830 2028 meritoquodammodo
855 1941 999 2006 retulisse
1022 1941 1061 2005 ad
1088 1965 1180 2026 eum,

202 2045 259 2132 qui
283 2050 381 2132 ἐράνῳ
404 2045 506 2130 juvari
538 2045 667 2128 soleret,
697 2063 761 2106 non
787 2042 859 2107 ideo
886 2043 961 2108 iude
991 2057 1179 2131 sequeretur

201 2151 311 2235 ἔρανον
346 2145 531 2244 (collatum)
566 2148 649 2211 intra
683 2165 824 2210 mensem
859 2166 925 2210 esse
959 2145 1180 2231 reddendum

203 2249 258 2314 sed
279 2251 379 2337 magis
401 2249 494 2314 illum
520 2249 608 2313 eraui
633 2247 809 2313 debitorem
836 2249 945 2336 quovis
966 2272 1074 2316 mense
1096 2275 1177 2341 par-

203 2366 268 2420 tem
291 2354 424 2421 reddere
447 2353 580 2438 debere,
604 2351 706 2417 donec
733 2352 893 2438 integrum
919 2354 1071 2419 collatum
1096 2355 1177 2421 red-

203 2459 350 2538 didisset,
377 2459 423 2524 ita
446 2469 553 2522 tamen
576 2468 612 2522 ut
636 2458 724 2544 prius
751 2479 769 2522 a
794 2457 925 2544 singulis
953 2459 1063 2524 amicis
1089 2459 1176 2526 deli-

202 2566 341 2650 niretur,
372 2574 528 2652 quantum
559 2562 669 2649 quouis
695 2583 805 2627 meuse
831 2574 911 2628 esset
936 2563 1179 2631 restituendum.

201 2669 243 2734 At
274 2691 347 2734 aero
382 2689 447 2732 non
475 2666 519 2731 ita
549 2687 599 2731 res
630 2687 662 2731 se
696 2653 802 2732 habet.
855 2665 1020 2754 Quidquid
1048 2667 1178 2735 tandem

200 2774 296 2860 hujus
321 2773 369 2837 rei
400 2773 454 2855 sit,
485 2771 564 2858 quin
589 2771 646 2835 illa
670 2769 765 2834 Petiti
787 2768 942 2834 sententia
967 2771 1075 2836 multis
1101 2793 1178 2837 am-

199 2876 335 2964 bagibus
361 2873 494 2940 obnoxia
517 2874 556 2937 sit
577 2884 609 2938 et
634 2895 652 2939 a
674 2896 747 2939 aero
769 2873 975 2940 vehementer
993 2875 1178 2962 abhorreat,
1210 2875 1212 2882 ’

201 2999 297 3043 nemo
323 2977 399 3061 erit,
425 2977 481 3064 qui
503 2975 619 3042 infitias
642 2977 742 3042 iverit.
790 2976 895 3059 Quare
921 2971 982 3044 hac
1012 2979 1052 3045 de
1074 3004 1109 3046 re
1133 2982 1179 3050 ita

200 3080 407 3147 ratiocinatur
439 3078 625 3145 Salmasius:
661 3079 772 3162 »Quid
797 3102 834 3147 ea
857 3102 923 3167 res,
955 3105 1088 3170 quaeso,
1113 3087 1177 3171 jn-

199 3187 313 3253 arisse't
334 3185 428 3250 illum
454 3203 525 3249 aere
550 3184 654 3249 alieno
677 3185 844 3271 obrutum,
869 3209 964 3274 quem
983 3189 1079 3253 amici
1097 3190 1177 3274 stipe

199 3287 377 3356 »collubia
402 3287 627 3372 liberaverant,
650 3288 676 3352 si
702 3285 814 3352 eodem
840 3288 1037 3377 modo,un
1063 3291 1176 3356 credi-

199 3394 344 3461 »toribus
366 3392 476 3457 solitus
502 3403 584 3477 erat,
606 3390 750 3456 similiter
772 3390 883 3456 amicis
906 3393 1025 3458 solvere
1047 3406 1177 3460 coactus

198 3510 302 3565 resset
329 3517 387 3585 per
415 3496 554 3585 singulos
578 3515 715 3580 menses,
746 3495 832 3583 quod
854 3497 918 3562 illis
941 3497 1080 3564 debebat
1102 3496 1180 3589 (2).'’

636 3600 664 3685 §.
690 3603 740 3664 11.

242 3707 354 3795 Neque
380 3705 478 3794 igitur
511 3703 660 3790 Heraldi,
689 3705 766 3770 licet
790 3706 941 3772 Salmasio
967 3718 1109 3792 strenue,
1139 3719 1177 3772 nt

206 3847 565 3869 *¹*—

228 3917 270 3985 (1)
291 3915 358 3972 vid.
384 3913 558 3984 Wesselingii
583 3913 671 3970 Noua
699 3917 733 3967 ad
759 3915 840 3968 Potiti
862 3916 1018 3971 Commod
1037 3915 1098 3971 LL.
1119 3919 1179 3973 Διὶ.

191 4017 220 4068 p.
231 3999 292 4052 526.
308 4017 349 4069 sq.
387 3999 428 4070 (2)
448 3998 514 4053 Vid.
533 4000 565 4052 de
581 3998 679 4054 Urmia
697 3997 729 4052 C.
740 4000 766 4051 3.
783 4017 810 4068 p.
825 4001 868 4052 ts.
894 4001 938 4054 De
954 4009 1089 4071 tempore,
1108 4005 1180 4058 intra

192 4081 268 4150 quod
285 4083 464 4137 creditoribus
480 4084 549 4139 solvi
567 4091 692 4152 poterat,
716 4084 833 4136 conferri
853 4092 970 4139 meretur
988 4085 1134 4143 Fabrottus
1149 4093 1179 4144 in

192 4165 470 4300 qlleplicatqzedzrersur
487 4169 531 4222 Cl.
552 4167 663 4234 Salmas.
680 4170 708 4221 in
725 4168 862 4223 Thesauro
880 4171 953 4225 Juris
970 4171 1080 4228 Ottonis
1098 4173 1178 4227 Tom.

245 4283 252 4299 .
271 4267 298 4317 p.
352 4251 368 4301 5
388 4286 395 4301 .
415 4268 454 4320 sq.
933 4251 936 4258 ⁴
