2886 4826
603 491 835 576 ¹412-

277 693 357 756 Hinc
386 691 466 756 illud
488 691 665 756 convirinm
693 690 804 755 eximie
834 709 932 753 coeno
957 689 1117 755 collatitio
1141 689 1236 756 audit.

318 793 357 856 ll
384 797 489 880 iborea
523 803 590 858 crat
621 793 769 874 collatio,
797 811 893 878 quarn
921 792 1048 878 collegii
1074 793 1239 878 cujusdam
1288 859 1291 866 ,
1350 813 1355 821 ’

275 896 352 959 sncii
384 895 493 981 quovis
518 915 625 960 mense
649 891 807 959 iaciebant
830 892 864 956 in
886 913 991 958 arcam
1016 914 1238 981 communem,
1356 954 1358 956 ,

278 995 522 1084 undetempore
544 1017 705 1063 sacrorum
726 996 866 1060 convivia
888 1017 1011 1062 summa
1033 1020 1108 1064 oum
1121 1001 1241 1067 laetitia

194 1095 199 1103 ’
279 1098 405 1163 inirent.
451 1098 622 1164 llillereba't
646 1097 726 1164 haec
748 1097 878 1162 collatio
909 1099 1065 1184 apriori3
1097 1107 1137 1168 1⁰.
1156 1101 1242 1190 quod

279 1205 435 1286 pecuniae
457 1225 580 1268 somma
605 1213 774 1283 constaret3
796 1205 838 1265 2⁰.
860 1200 947 1288 qnod
972 1223 1035 1266 non
1060 1199 1182 1270 tantum
1203 1206 1244 1273 ad

280 1308 420 1372 convivia
452 1307 658 1390 celebranda,
691 1305 746 1371 sed
776 1307 876 1392 magis
901 1307 941 1372 ad
970 1310 1097 1394 qnaeris
1118 1313 1244 1396 negotia

281 1412 369 1474 licita
405 1408 551 1475 obeunda
586 1408 689 1474 lieret:
723 1409 769 1474 ibi
804 1411 889 1478 enim
924 1414 1030 1497 iborea
1062 1433 1126 1476 non
1161 1413 1245 1476 urn-

179 1525 182 1532 '
279 1513 405 1597 pliciter
434 1523 479 1576 est
504 1511 650 1590 colloti03
680 1512 734 1578 sed
753 1514 872 1598 latiori,
901 1516 948 1578 uti
975 1514 1124 1600 diximus,
1151 1537 1242 1581 sensu

280 1605 450 1701 accipitur:
480 1626 569 1681 erant
593 1615 689 1700 igitur
710 1619 813 1703 ἔρανοι
835 1617 1012 1684 sodalitates
1037 1620 1086 1684 rel
1111 1619 1245 1705 collegia

281 1719 452 1807 quaedam,
481 1739 557 1784 curn
578 1719 722 1784 utilitatis
736 1731 775 1784 et
795 1721 981 1806 voluptatis,
1010 1732 1080 1785 tum
1103 1713 1268 1785 utilitatis

281 1833 313 1886 et
348 1821 526 1887 communis
556 1832 705 1908 quaestus
733 1823 831 1908 gratia
854 1824 995 1889 instituta
1019 1820 1082 1911 (1);
1109 1823 1143 1886 in
1166 1821 1246 1886 baec

281 1944 509 2014 nonnunquam
530 1923 688 1988 tenuiores
707 1925 958 2010 recipiebantur,
982 1925 1159 2012 saepissime
1182 1943 1247 1986 non

283 2042 371 2094 crant
407 2029 467 2092 nisi
501 2026 702 2112 tenuiorum,
737 2028 795 2092 ubi
828 2049 929 2093 servos
961 2049 1093 2116 qunque
1125 2027 1248 2092 admitti

282 2132 418 2215 licebat,
455 2128 590 2194 dominis
614 2129 791 2194 volentibus
815 2151 922 2218 neque
948 2132 1164 2220 ignorantibus
1192 2128 1249 2220 ().

279 2237 352 2300 lluo
376 2235 409 2298 in
429 2232 538 2320 primis
552 2232 753 2319 pertinebant
765 2233 889 2322 judicia
900 2239 1026 2321 ἐρανικὰ
1040 2245 1071 2299 ct
1086 2239 1247 2320 ἐμπορικὰ,
1354 2261 1359 2274 r

280 2337 321 2402 ad
342 2337 397 2402 illa
418 2357 481 2400 non
500 2335 592 2420 item,
616 2355 698 2421 qnae
723 2335 846 2402 scilicet
866 2337 912 2402 nil
937 2337 1024 2402 aliud
1045 2338 1105 2402 sibi
1126 2357 1246 2424 propc-

207 2487 215 2499 .
280 2441 375 2505 sitnm
402 2437 580 2520 habebant,
613 2437 674 2501 nisi
699 2457 903 2502 communem
923 2437 1074 2504 laetitiam
1096 2457 1170 2503 oum
1193 2458 1247 2502 sa-

282 2545 343 2608 oris
367 2543 585 2626 conjunctam:
616 2539 692 2607 hinc
717 2544 841 2629 legibus
858 2543 1024 2633 (ἐρανικοῒς
1047 2539 1160 2630 νόμοις)
1181 2561 1246 2606 non

282 2658 371 2710 erant
405 2643 546 2724 addicta,
580 2641 635 2706 sed
667 2645 765 2729 magis
795 2645 948 2730 religione
975 2644 1164 2709 tenebantur
1188 2642 1246 2730 (3).

282 2746 366 2811 Socii
382 2742 518 2829 deniqne
535 2744 729 2824 vocabantur
749 2750 923 2830 ignorarat,
945 2757 1095 2833 tanquam
1118 2749 1246 2835 collegii

281 2845 416 2940 (ἐράνου)
437 2847 614 2933 participes.
1242 2899 1245 2904 .
1280 2836 1289 2872 ³

326 2950 379 3012 lll.
404 2948 546 3031 Graecis,
570 2948 714 3036 inprimis
731 2947 988 3029 Atheniensibus,
1012 2951 1156 3036 cognitus
1180 2961 1247 3014 erat

283 3056 406 3138 ἔρανος,
442 3050 587 3133 collatio,
619 3051 652 3114 in
677 3052 854 3118 amicorum
880 3053 1008 3139 gratiam
1038 3051 1108 3116 lieri
1140 3053 1246 3134 solita3

284 3157 469 3243 erogabatur
488 3153 650 3217 nimirum
676 3176 695 3216 a
719 3154 865 3238 pluribus
896 3155 1005 3218 amicis
1036 3154 1093 3217 uni
1124 3155 1182 3237 ita,
1211 3165 1247 3217 nt

284 3270 438 3345 quantum
463 3279 481 3320 a
509 3256 617 3341 quovis
641 3256 813 3342 accepisset
834 3256 942 3340 sciret,
972 3255 1130 3342 rebusque
1155 3255 1248 3340 lapsis

284 3360 446 3443 restitutis,
479 3368 534 3421 aut
555 3357 580 3420 si
606 3357 666 3420 sibi
698 3357 859 3424 mundare
887 3359 1099 3446 contingeret,
1129 3359 1247 3444 cuique

284 3467 445 3550 redderet,
478 3461 564 3552 quod
595 3456 739 3526 deberet:
768 3473 835 3528 erat
861 3461 957 3550 igitur
980 3464 1089 3527 mutati
1110 3463 1251 3550 gratuiti

287 3571 445 3660 quoddam
462 3587 576 3654 genus3
598 3566 653 3632 sed
669 3569 778 3633 mutari
797 3579 941 3634 naturam
966 3588 1031 3631 non
1049 3564 1168 3649 induit,
1189 3566 1249 3628 nisi

287 3696 323 3740 ex
354 3673 469 3738 ellectu
501 3668 722 3736 consideratus
768 3670 863 3754 Carjus
889 3669 992 3751 orani,
1014 3688 1118 3756 neque
1143 3665 1250 3732 Athe-

287 3779 351 3859 nis,
380 3797 484 3863 neque
509 3775 543 3837 in
570 3773 701 3838 cacteris
724 3773 875 3838 Graeciae
896 3770 1087 3853 civitatibus,
1115 3769 1250 3853 collegia

287 3879 381 3941 fnisse
414 3874 620 3956 crediderim3
652 3895 758 3961 neque
784 3875 861 3940 adeo
886 3873 1009 3960 judicia
1038 3877 1161 3960 iposasol
1184 3871 1249 3950 hnc

318 4119 360 4186 (1)
383 4116 493 4168 Aristut.
520 4111 608 4168 Ethie.
632 4113 666 4166 L.
687 4113 772 4168 Vlll.
799 4135 823 4168 c.
849 4118 955 4182 9.,.cs.
981 4115 1038 4169 Len
1060 4115 1166 4170 Solonis
1184 4117 1253 4182 apud

282 4203 397 4255 neutum
415 4203 447 4252 aa
467 4199 526 4252 nn.
547 4202 604 4252 arr.
624 4221 651 4268 p.
672 4202 732 4254 524.
779 4203 819 4270 (a)
840 4201 875 4254 v.
895 4203 928 4253 rr.
950 4206 975 4254 s.
996 4204 1020 4268 p.
1038 4205 1063 4255 2.
1085 4204 1120 4256 n.
1140 4205 1173 4256 ae
1192 4201 1253 4256 con.

279 4295 305 4338 et
323 4304 395 4355 corp.
433 4286 474 4354 (3)
496 4285 573 4339 Plato
593 4286 625 4340 de
644 4284 723 4356 chg.
743 4286 794 4340 Xl.
815 4290 876 4340 915.
897 4285 929 4340 E.
