2904 4826
704 453 880 516 ..30-

304 629 520 699 animadvertit
555 657 685 700 eranum
720 655 785 699 esse
820 631 1033 718 reddendum,
1070 637 1095 700 si
1126 638 1184 703 ille·
1210 643 1267 727 qui

302 735 431 822 adjutus
459 749 552 822 eruet,
582 736 772 820 abundaret3
800 758 882 824 quae
912 739 1007 802 etiam
1037 751 1103 803 erat
1128 741 1272 806 Salmasii

194 835 196 844 ’
301 841 472 925 sententie,
503 861 599 930 quam
628 851 735 906 tamen
767 850 908 904 evertere
940 850 1072 904 conatur
1100 841 1271 926 Heraldus,

301 942 470 1009 inculcans
490 947 599 1031 ἔρανον
628 965 693 1008 esee
714 943 846 1008 unum.
891 941 1020 1006 Etiamsi
1044 942 1142 1028 igitur
1163 946 1273 1028 ἔρανον

303 1045 479 1112 amicerum
505 1045 596 1112 reddi
617 1068 682 1110 uon
706 1056 862 1132 operteat,
885 1045 945 1110 nisi
959 1047 1134 1132 reperiatur
1149 1048 1271 1112 amicus

300 1168 420 1236 egenus
445 1160 560 1214 sertem
588 1160 738 1232 mutasse,
766 1146 845 1236 quid
870 1158 975 1212 temen
1000 1148 1122 1212 intersit
1147 1149 1271 1214 donum

300 1251 384 1316 inter
409 1263 441 1318 et
464 1256 574 1340 ἔρανον
582 1303 593 1334 ,
613 1275 677 1318 uon
704 1263 766 1337 ert,
790 1251 876 1340 quod
901 1253 972 1337 cui,
994 1253 1028 1317 in
1053 1251 1114 1318 hae
1137 1255 1268 1320 materid

300 1357 351 1421 vel
365 1377 478 1444 parum
491 1368 633 1440 versate,
648 1377 816 1443 exponam:
831 1337 965 1442 ’Ἕρανος
975 1356 1059 1420 euim
1072 1379 1269 1423 annumera-
1365 1339 1369 1346 ’

303 1470 355 1523 tur
380 1458 514 1543 debite,
543 1470 575 1523 et
606 1459 700 1544 lenge
733 1458 821 1523 aliud
848 1459 927 1546 quid
950 1459 1086 1524 habetur
1108 1479 1145 1523 ac
1171 1457 1269 1523 ‹tati-

301 1575 388 1647 tum,
409 1561 453 1626 ita
477 1571 513 1625 ut
538 1559 578 1625 ad
601 1559 708 1626 debita
728 1563 822 1626 amici
843 1562 1008 1648 cujusdam
1032 1559 1178 1626 solvenda
1199 1565 1269 1646 ἐρά.

299 1693 371 1744 νονς
397 1665 472 1731 dare
496 1667 632 1730 solerent
655 1666 759 1731 amici.
804 1665 867 1732 Sed
889 1665 1062 1731 aliudesse
1083 1664 1126 1730 ab
1149 1665 1269 1728 amicir

290 1768 429 1858 juvari,
453 1766 540 1832 aliud
562 1767 778 1833 oreditoribru
800 1792 868 1834 πονο
885 1769 984 1854 salvi,
1006 1791 1101 1834 nemo
1117 1768 1191 1852 erit,
1214 1767 1271 1855 qui

299 1894 365 1938 neu
392 1871 486 1936 facile
513 1870 719 1936 affirmaverit

343 1974 396 2042 Ad
417 1973 500 2040 illud
527 1979 677 2062 ὑπόχρεως
699 1975 804 2055 γέγονε
836 1975 923 2064 quod
953 1977 1079 2057 attinet3
1105 1969 1269 2060 quidhoc

299 2077 388 2144 aliud
412 2075 584 2166 significat,
616 2075 676 2139 uisi
702 2097 798 2163 quern
823 2077 867 2142 ita
892 2099 964 2143 aere
989 2078 1093 2142 aliene
1118 2075 1268 2140 obrutum

299 2203 382 2266 erre,
415 2193 452 2248 ut
483 2179 626 2246 debitum
662 2179 769 2246 debito
807 2183 965 2266 cumulet,
1002 2192 1034 2247 et
1066 2179 1163 2262 amici
1193 2199 1268 2244 eum

294 2284 439 2371 jurantes
483 2285 590 2348 oleum
633 2293 666 2347 et
704 2305 832 2370 operam
872 2281 1044 2370 perdidisse
1080 2275 1268 2346 rideantur?

299 2390 406 2472 Quare
437 2409 502 2453 nou
534 2386 693 2452 immerito
717 2395 920 2475 πονηρότατος
943 2394 1067 2455 πάντων
1094 2387 1269 2470 ἀνθρώπων

300 2493 475 2559 dicebatur.

320 2598 382 2663 -Ut
411 2592 539 2660 tandem
574 2593 805 2680 intelligamus,
833 2592 911 2681 quid
937 2591 1072 2658 voluerit
1095 2585 1268 2670 Heraldue,

297 2717 399 2785 quum
432 2694 588 2761 indicaret
622 2697 732 2780 ἔρανον
767 2717 832 2760 neu
869 2696 930 2762 nisi
963 2718 1000 2760 ex
1031 2693 1145 2759 effectu
1178 2689 1270 2756 reddi

298 2811 458 2886 opertere,
481 2807 568 2861 recte
590 2796 658 2883 ejus
675 2797 714 2862 de
737 2799 853 2884 emnia,
875 2821 954 2887 quos
972 2798 1011 2864 ad
1026 2797 1132 2862 dehita
1145 2793 1269 2877 retulit,

298 2909 345 2964 eat
371 2897 590 2986 perspicienda
624 2901 794 2987 sententia,
826 2923 908 2989 quae
930 2901 1052 2966 scilieet
1076 2899 1141 2964 huc
1169 2896 1268 2962 redit:

219 3065 222 3071 ,
298 3006 409 3093 ἔρανον
432 3027 497 3070 esee
523 3003 682 3091 debitum,
709 3018 855 3092 respectu
877 3006 964 3070 erani
985 3005 1052 3090 jam
1076 3014 1169 3068 autea
1193 3001 1269 3065 col-

298 3111 374 3196 lati,
405 3109 542 3198 ideoque
575 3116 698 3197 ἐράνους
731 3133 797 3176 esse
828 3111 999 3195 ὀφλήματα.
1045 3105 1140 3190 Quod
1166 3127 1268 3194 quum

297 3235 363 3280 non
398 3212 666 3280 animadvertisset
691 3212 874 3298 Salmasius,
909 3223 1028 3277 temere
1057 3207 1268 3296 castigabatur

297 3316 338 3382 ab
360 3317 509 3403 Heraldo,
537 3318 627 3404 cujus
647 3328 752 3382 tamen
778 3316 932 3382 sententia
962 3336 1027 3403 quo
1051 3313 1168 3396 valeat,
1201 3331 1267 3375 nou
1307 3371 1308 3376 ,

297 3419 370 3485 satie
405 3441 456 3485 me
491 3421 669 3507 intelligere
704 3421 812 3487 fateor.
857 3421 1000 3507 Namque
1026 3418 1129 3501 eraui,
1161 3416 1270 3503 siper

296 3540 331 3585 ee
353 3521 513 3606 ὀφλήματα
534 3533 621 3607 sunt,
645 3521 686 3588 ad
705 3521 863 3588 beneficia
884 3522 995 3587 referri
1014 3529 1200 3607 nequeuut3
1223 3518 1271 3582 ein

296 3625 417 3691 ratione
448 3626 599 3692 beneficii
632 3628 700 3714 jam
735 3639 807 3694 ante
841 3628 876 3691 in
916 3611 1012 3714 quein
1046 3622 1170 3698 collati,
1203 3643 1269 3686 non

299 3724 390 3789 aliter
422 3726 461 3792 ad
490 3726 598 3796 debita
627 3729 737 3795 referri
764 3739 909 3816 pessunt,
940 3727 1000 3791 nisi
1025 3726 1096 3814 quie
1127 3747 1164 3790 eo
1188 3741 1270 3812 per-

298 3828 436 3914 venerit,
467 3841 503 3894 ut
534 3832 601 3897 eine
629 3851 743 3920 magno
771 3829 975 3898 incommode
1000 3829 1034 3894 id
1059 3828 1146 3916 quod
1167 3850 1268 3895 acee-

297 3930 393 4016 perit‚
416 3933 548 4002 reddere
574 3945 677 4026 queat.
724 3938 777 4002 Sic
793 3937 887 4002 etiam
903 3933 1004 3998 omnir
1025 3934 1148 4020 ἔρανος,
1171 3955 1268 4022 quem

296 4034 483 4106 tralatitium
507 4052 598 4106 uocat
626 4037 797 4126 nereidae,
820 4047 985 4127 propterea
1010 4035 1096 4125 quod
1120 4058 1176 4124 par
1200 4035 1270 4122 pari

298 4137 334 4211 in
357 4137 417 4205 vita
440 4140 590 4228 refertur,
614 4142 677 4208 dici
700 4155 801 4230 petest
823 4141 954 4233 ὄφλρμο
