2904 4826
587 508 772 571 -117-

194 691 299 780 deque
322 691 390 777 ejus
412 690 446 754 in
469 700 607 777 utroque
633 690 719 754 erani
743 710 860 777 genere
886 689 995 756 officiis
1015 690 1082 776 jam
1107 711 1166 758 ao-

196 809 265 862 tum
288 796 335 861 sit.

239 900 369 966 Etiamsi
394 899 492 988 igitur
516 897 673 984 πληρωτὴς
696 896 823 983 proprie
851 893 1007 980 accipitur
1035 894 1075 960 de
1111 917 1166 982 eo,

195 1006 252 1094 qni
285 1003 448 1070 definitam
459 998 472 1096 ι’
485 1001 671 1087 pensionem
707 999 846 1084 confert,
877 997 1031 1086 loquendi
1062 1007 1169 1062 tamen

143 1111 145 1114 ’
195 1105 420 1194 scribendique
452 1126 513 1169 usu
538 1103 687 1188 invaluit,
717 1114 754 1167 ut
783 1102 939 1190 πληρῶσαι
968 1113 1000 1166 et
1027 1103 1170 1189 εΐςφέρειν

193 1212 375 1300 promiscue
396 1207 482 1297 apud
503 1219 647 1274 auctores
669 1220 854 1294 occurrant,
878 1207 1028 1296 idemque
1042 1229 1171 1295 prorsus

191 1313 388 1401 significent,
423 1312 485 1377 nisi
517 1309 631 1376 diserte
660 1322 824 1396 appareat,
858 1311 998 1376 amicum
1034 1333 1169 1400 egenum

197 1417 275 1481 alios
307 1414 414 1481 ohlau
442 1414 609 1482 occasione
635 1435 767 1500 rogasse.
814 1415 885 1497 Quo
915 1437 991 1480 casu
1020 1415 1172 1482 dicuntur·

198 1517 292 1605 egeni
316 1517 489 1599 συλλέγειν,
518 1515 690 1582 eranaroha
717 1539 791 1583 vero
816 1517 878 1586 hoc
902 1521 1066 1608 negotium
1097 1545 1173 1587 sus-

195 1622 317 1708 cipiens
336 1619 422 1686 haud
443 1641 534 1686 secus
556 1641 594 1686 ac
616 1622 811 1708 omnes,qui
833 1621 997 1690 definitam
1013 1645 1173 1689 suminam

198 1726 246 1818 (τὸ
266 1722 396 1814 ταχθὲν)
417 1725 602 1810 conferunt,
624 1738 712 1791 recte
731 1739 862 1794 vocatur
882 1729 1049 1816 πληρωτὴς.
1086 1729 1173 1794 Hinc

79 1821 94 1843 '
199 1835 233 1899 in
265 1830 394 1898 laudato
422 1828 641 1894 Demosthenis
676 1831 748 1896 loco
783 1831 878 1898 verba
911 1838 962 1908 οὓς
998 1830 1174 1911 συλλέγουσί

196 1959 277 2011 τινες
306 1937 359 2001 καλ
388 1919 433 2002 ὧν
460 1932 616 2020 πληρωταὶ
643 1933 804 2014 γίγνονται
836 1935 994 2021 aptissime
1033 1935 1175 2022 conjun-

199 2050 325 2129 guntur.

242 2143 314 2223 Quo
330 2138 458 2205 tandem
477 2136 573 2203 modo
595 2136 752 2202 liemldus
766 2137 910 2205 Salmasii
934 2140 1029 2205 verba
1053 2139 1174 2228 ubique

197 2242 338 2327 torserit,
360 2241 422 2306 hoc
447 2261 520 2306 vero
543 2239 637 2305 facile
659 2240 689 2305 ei
715 2242 883 2327 assentior,
907 2245 1069 2309 neminem
1097 2245 1174 2309 col-

197 2345 349 2410 lationem
372 2341 425 2434 (ad
449 2345 559 2430 ἔρανον
580 2340 732 2408 nimirum
756 2342 909 2436 exactam)
932 2347 1040 2413 iacere
1062 2347 1096 2412 in
1118 2347 1174 2412 al-

175 2459 321 2532 terum,
351 2447 407 2534 qui
443 2467 507 2510 non
533 2446 628 2510 simul
655 2446 796 2512 conferat
821 2446 880 2512 sihi
907 2445 970 2538 (1),
992 2460 1029 2514 ut
1047 2449 1174 2514 liemo-

200 2550 323 2618 athenei
346 2550 411 2614 loci
437 2570 544 2612 sensus
565 2547 631 2614 huc
656 2548 780 2614 redeat:
824 2549 899 2640 Epo
926 2575 1000 2617 cero
1029 2553 1177 2618 arbitror

181 2678 315 2721 omme
338 2653 486 2718 lromissca
507 2655 546 2717 iar
566 2655 636 2718 cita
652 2652 721 2716 sits·
739 2654 831 2741 ipsos
851 2655 941 2719 celat
959 2677 1078 2720 cronos
1100 2655 1176 2721 ccl·-

201 2765 325 2845 loccre,
347 2781 415 2823 aaa
430 2768 561 2821 mamm
581 2755 775 2845 lsajusmodi
783 2807 791 2842 ,
815 2780 896 2847 quos
908 2759 1068 2848 oollipurst
1083 2781 1177 2823 rson-

200 2867 304 2949 nulls',
327 2885 441 2930 ocmsm
463 2862 563 2942 etiam
578 2883 647 2937 cos,
674 2884 755 2950 quoa
777 2863 926 2929 homines
949 2864 1070 2950 cimai,
1093 2885 1178 2952 pro-

199 2984 238 3036 ut
256 2969 456 3051 concesserit,
475 2967 655 3054 conserunt.
670 3001 715 3016 -
734 2965 853 3031 Eadem
868 2967 933 3032 iera
948 2980 1015 3033 erat
1033 2968 1178 3034 Salmaaii

201 3073 357 3141 sententia
382 3067 548 3134 uertentis:
578 3065 653 3156 Epo
681 3089 756 3133 vcro
782 3071 953 3156 existimo,
977 3093 1090 3134 omncs
1112 3069 1179 3134 Iro-

201 3181 309 3245 asiaca
337 3189 457 3238 coortos
488 3169 556 3234 sits·
579 3171 665 3257 ipsis
696 3183 760 3235 toto
784 3174 869 3236 citos
899 3174 1064 3252 curriculo
1090 3195 1176 3236 coor-

198 3284 303 3372 (crrc,
335 3298 403 3341 non
430 3276 513 3338 ictos
546 3273 648 3357 colos,
682 3296 764 3361 quos
800 3275 910 3365 aliqui
943 3276 1118 3364 colliqueret,
1149 3287 1181 3340 ct
1215 3334 1219 3342 .

204 3383 346 3477 qss'oram
372 3381 579 3446 collationem
608 3379 749 3466 implent
772 3379 850 3465 clii,
874 3380 933 3445 aad
955 3392 986 3444 ct
1010 3381 1095 3445 aiios
1121 3376 1178 3470 ().

202 3491 244 3556 Ar
265 3510 339 3556 vero
355 3504 513 3574 quaenam
537 3481 633 3546 inerit
654 3503 763 3566 cansa,
787 3503 845 3546 cur
864 3482 1033 3547 Salmasius
1053 3482 1179 3546 Demo-

202 3593 320 3661 sthenis
334 3592 443 3656 locum
455 3584 641 3670 emendans,
652 3607 710 3671 pro
725 3589 777 3650 καλ
793 3573 838 3653 ὧν
853 3584 1007 3672 πληρωταὶ
1019 3587 1179 3666 γίγνονται

203 3699 317 3788 legerit
354 3699 406 3763 aci
439 3681 484 3762 ὧν
517 3692 673 3778 πληρωταὶ
706 3692 787 3767 τίνες
819 3693 998 3772 γίγνονται,
1032 3711 1084 3754 me
1113 3712 1178 3756 non

202 3805 274 3870 satis
304 3801 483 3887 intelligere
517 3796 626 3862 fateor.
683 3794 774 3859 lianc
809 3813 938 3879 quoque
972 3790 1179 3858 emendatio-

202 3889 277 3974 nem
302 3907 415 3972 mcrito
439 3913 615 3991 suspectam
639 3899 753 3965 habuit
774 3895 938 3963 Heraldus.

212 4075 558 4095 *uanum-0

235 4163 276 4232 (1)
296 4161 376 4216 Coni.
398 4162 510 4215 Herald.
529 4161 672 4216 Observat.
690 4159 724 4212 ad
746 4158 796 4212 Jus
814 4159 872 4212 Au.
897 4166 924 4214 et
940 4159 1018 4214 Rom.
1037 4161 1089 4216 loc.
1110 4162 1183 4217 laud.
1211 4115 1217 4124 '

201 4247 243 4318 (2)
263 4245 329 4302 vid.
347 4246 462 4301 Miscetl.
482 4247 581 4300 defens.
600 4244 633 4298 C.
652 4243 677 4296 2.
695 4261 723 4312 p.
742 4244 784 4298 to.
803 4261 843 4314 sq.
