2886 4826
694 440 832 501 ..6.-

279 606 396 682 habere
420 618 486 682 sult
508 639 545 682 ac
566 620 684 704 εἷςφορὰ
705 616 768 708 (1);
790 617 866 682 licet
884 619 1104 706 caeteroquin,
1126 619 1151 682 si
1172 641 1239 684 rens

279 719 320 784 ad
347 721 450 784 vivum
481 741 620 786 resecare
655 721 801 803 velimus,
833 725 920 800 ἄγειν
951 730 982 783 et
1010 721 1110 807 φέρειν
1137 720 1171 784 in
1201 743 1266 784 eo·

279 821 440 906 differant,
463 821 549 908 quod
572 829 657 904 ἄνειν
680 822 719 888 de
743 818 837 886 rebus
864 823 1023 906 animatis,
1046 825 1145 908 φέρειν
1167 845 1240 886 vero
1323 900 1328 906 ι

280 925 319 990 de
340 925 434 991 rebus
456 929 632 994 inanimatis
654 929 716 994 dici
740 930 851 1010 soleat3
882 949 963 1014 quae
995 938 1101 1006 tamen
1123 927 1242 992 distin-

280 1030 344 1093 ctio
379 1033 547 1118 praecipue
579 1035 757 1100 ohserratur
791 1034 817 1096 si
845 1031 923 1096 haee
964 1031 1059 1096 verba
1097 1052 1242 1095 concur·
1291 1019 1294 1028 ¹

279 1142 370 1216 runt,
392 1144 429 1196 nt
449 1155 475 1198 r.
499 1157 543 1221 gr.
569 1135 653 1222 apud
674 1133 819 1198 Herodot.
841 1133 865 1196 I.
887 1136 954 1197 88.:
978 1138 1105 1212 εῖςάγειν
1134 1147 1243 1200 contra

187 1275 191 1284 ·
278 1256 336 1320 pro
360 1237 501 1321 εἶςφέρειν
528 1236 592 1301 dici
617 1236 708 1300 docet
732 1234 905 1322 Hesychius
934 1231 995 1323 (2),
1018 1234 1103 1298 unde
1128 1235 1245 1310 confici

279 1348 396 1424 potest,
429 1339 617 1404 substantiva
650 1339 821 1424 composita
859 1342 1001 1419 εΐςοινοινὴ
1041 1348 1072 1401 et
1109 1342 1244 1423 ελςφορὰ,

280 1451 389 1526 utpote
420 1463 456 1504 er
485 1441 586 1504 verbis
616 1440 792 1529 synonymis
816 1451 898 1522 orta,
929 1440 1051 1502 nullam
1072 1437 1245 1522 hujusmo-

283 1542 316 1608 di
346 1544 410 1629 pati
438 1543 679 1608 distinctionem.
724 1543 819 1607 Plura
851 1541 965 1608 addere
997 1540 1131 1626 possim,
1164 1559 1246 1625 quae

283 1658 402 1732 tamen,
426 1668 525 1734 quum
549 1647 642 1712 nimis
661 1669 679 1712 a
703 1644 1068 1726 consilio'deduoerent,
1092 1642 1211 1706 omitto.
1313 1649 1316 1656 '

722 1751 751 1834 §,
778 1753 811 1814 ’4.

330 1849 393 1914 Sed
413 1810 577 1916 redeamus
598 1851 638 1917 ad
658 1852 878 1940 Etymologum
899 1852 938 1914 Μ.
982 1850 1095 1920 Verbis
1116 1852 1177 1916 α’πό
1198 1854 1251 1915 τοῦ
1292 1817 1294 1822 V

286 1963 413 2041 συνερᾷν
444 1954 529 2020 addit
563 1959 614 2020 καὶ
642 1959 801 2044 ἐπιθυμεῖν
825 1955 1023 2038 συνειςφέρειν
1054 1950 1101 2042 (3)
1132 1977 1163 2016 τι
1189 1957 1252 2025 τοῖς

194 2055 195 2062 '
287 2061 385 2143 φίλοις
412 2063 463 2124 ναὶ
488 2063 677 2146 ἒυιοχιῒοθαιῑ
700 2059 867 2124 conferunt
892 2059 1042 2122 nimirum
1069 2069 1105 2120 ut
1130 2077 1251 2120 sumina

290 2185 365 2227 cum
391 2162 545 2228 hilaritate
571 2163 740 2250 aliquando
768 2163 862 2228 simul
891 2183 956 2226 esse
982 2153 1114 2247 possint,
1138 2171 1168 2224 et
1189 2181 1254 2222 una

229 2352 233 2360 Ι
291 2266 455 2330 convivari.
499 2266 581 2342 Hinc
615 2265 795 2331 Athenaeus
826 2265 950 2351 exponit
980 2269 1102 2350 ἐράνους
1122 2262 1253 2362 (quate-

290 2390 349 2432 nus
384 2379 457 2432 sunt
487 2365 630 2456 εἶςφοραλ)
656 2390 720 2432 esse
749 2371 804 2442 τὰς
828 2369 888 2432 ἀπὸ
911 2371 973 2434 τῶν
1001 2365 1254 2454 συμβαλλομένων

195 2453 199 2488 ³
290 2475 452 2552 εῖςσνωνὰς
474 2468 538 2560 (4),
574 2471 730 2536 illationes
761 2470 912 2534 nimirum
937 2491 1064 2553 eorum,
1087 2469 1143 2556 qni
1167 2479 1253 2532 certo

322 2699 363 2767 (1)
385 2697 462 2751 Suid.
477 2699 505 2750 in
522 2697 559 2751 V.
574 2699 736 2770 cl.Etymol.
746 2700 786 2752 M.
796 2701 899 2771 ἔρανος.
910 2660 1261 2770 εἰςφοράμνοίελςφορά

287 2782 365 2833 etism
388 2782 478 2832 latiori
498 2799 574 2834 sensu
595 2799 646 2850 pro
675 2786 782 2835 tributis
805 2785 918 2850 publicis
943 2783 1064 2834 sumitur.
1099 2779 1145 2834 sic
1167 2779 1261 2832 Desid.

288 2863 422 2917 Heraldus
443 2865 471 2914 in
488 2866 593 2919 observ.
613 2866 647 2917 ad
664 2865 713 2917 lus
729 2866 786 2916 Ast.
806 2873 833 2916 et
848 2864 925 2916 Rom.
944 2863 997 2916 VI.
1019 2864 1045 2916 2.
1064 2862 1201 2931 distinguit
1216 2861 1262 2911 in-

286 2956 328 3001 ter
347 2951 469 3018 εῐςφοράς
485 2956 511 3001 et
527 2950 676 3020 ἔμιδιλσεις,
695 2952 771 3022 quasi
790 2949 840 3003 hae
855 2957 1011 3018 spontaneae
1028 2949 1080 3001 sint
1098 2949 1261 3010 collationes,
1283 2999 1285 3004 ,

284 3033 412 3102 εῐςφῠραὶ
428 3051 492 3087 vero
506 3037 618 3088 indictae
634 3039 795 3088 tributiones.
824 3033 890 3088 vid.
905 3034 1047 3098 Libanius,
1068 3032 1187 3084 Declam.
1206 3030 1261 3094 X„

288 3115 336 3167 ubi
359 3115 469 3172 *tributa
500 3121 618 3184 tempore
646 3119 790 3173 bellorum*
805 3120 949 3191 insperata,
978 3119 1105 3170 dicuntur
1131 3117 1263 3185 εὶςφοραλ.

290 3199 328 3252 At
344 3199 407 3250 illae
422 3200 558 3258 ἐπιδόσεις
575 3209 677 3254 tantum
693 3211 767 3254 erant
782 3209 940 3270 spontaneae
956 3207 1077 3268 respectu
1093 3197 1261 3268 quantitatis,

288 3300 369 3352 quom
394 3283 507 3356 quisque
534 3285 626 3350 daret,
646 3303 707 3338 eum
724 3285 870 3352 saepissime
890 3289 996 3352 urgente
1013 3281 1164 3333 necessitate
1184 3295 1265 3346 apo-

288 3362 354 3431 pnlo
383 3362 580 3432 flagitarentur:
617 3367 757 3419 discrimen
783 3367 906 3418 observat
933 3363 1022 3414 Isaeus
1046 3362 1078 3413 de
1105 3361 1265 3430 Dicaeogen.

289 3445 381 3500 hered.
404 3463 432 3512 p.
454 3448 513 3498 110.
533 3445 611 3498 Tom.
631 3447 700 3500 VII.
718 3449 750 3499 ll.
770 3448 898 3518 ελςφορῶν
920 3433 1014 3497 τοίνυν
1031 3444 1166 3495 τοσούτων
1184 3461 1265 3508 γενο-

279 3530 376 3592 -μένων
386 3561 467 3576 ·····
488 3528 605 3596 κληθεὶς
630 3529 683 3582 ὑπὸ
707 3530 801 3600 ἑτέρου
830 3527 932 3599 (neiat.
950 3528 1121 3598 apostaticis
1140 3525 1186 3587 ὑφ’
1204 3526 1266 3577 ἑτέ-

291 3628 356 3679 ρου,
382 3609 456 3676 quod
478 3611 580 3680 malim)
607 3612 743 3662 ἰπίδωκεν
754 3645 833 3662 .....
853 3611 902 3661 οὐκ
921 3612 1085 3676 ελςήνενιιεν.
1123 3605 1178 3660 Sed
1195 3613 1267 3657 totus

291 3694 367 3746 locus
390 3699 429 3742 est
455 3692 650 3762 legendus.·-
673 3697 798 3766 εῐςφοροιλ
817 3695 931 3765 deniqne
947 3701 1038 3758 erant,
1057 3691 1264 3760 utplurimum,

258 3804 276 3830 ,¹
292 3781 402 3832 divitum
420 3782 564 3845 pensiones.
609 3777 650 3848 (2)
671 3778 704 3829 In
723 3797 750 3832 v.
769 3781 910 3846 Ελςάγοιν.
928 3781 972 3834 Cf.
991 3779 1100 3832 Salmas.
1120 3778 1152 3828 de
1170 3773 1269 3828 Usnris

294 3858 327 3910 C.
351 3861 376 3910 3.
392 3862 428 3926 p.
450 3861 494 3910 53.
519 3885 555 3902 -
581 3857 626 3928 Sic
651 3860 833 3928 Apollodorus
857 3862 892 3914 L.
917 3863 957 3914 ll.
980 3880 1004 3914 e.
1028 3863 1055 3912 4.
1078 3860 1147 3910 1.2.
1170 3857 1266 3927 ἔρανον

294 3943 430 4008 συνάγειν.
468 3941 509 4010 (3)
530 3941 651 3994 Budaeus
669 3947 783 4013 συνερᾷν
801 3945 850 3995 κοιλ
868 3946 1013 4014 συμφέρειν
1038 3956 1181 4012 synonyma
1195 3936 1268 3987 facit·

296 4023 454 4159 ζώῦέωυι.
472 4023 506 4077 L.
525 4025 575 4080 Gr.
591 4045 619 4095 p.
632 4029 692 4082 354.
710 4029 772 4080 add.
790 4027 899 4081 Salmas.
910 4029 930 4082 l.
939 4029 957 4080 l.
968 4047 994 4096 p.
1005 4030 1048 4080 54.
1080 4029 1122 4097 (h)
1142 4019 1269 4076 L.Vlll.

1429 773 1434 824 ¹.
