2904 4826
674 494 852 562 ...90-

261 703 350 748 nort
372 703 459 757 erte,
486 679 574 746 tenda
595 679 827 745 liberalitatem
852 689 999 745 aaeereeat
1018 679 1074 771 (1).
1120 683 1154 748 ei
1178 705 1250 752 rem

281 787 326 852 ita
349 783 546 872 expedimus,
568 782 646 870 quid
671 793 718 848 est
741 804 799 847 cnr
824 781 995 848 lectionem
1016 785 1159 852 vitiosam
1178 811 1252 876 pu-

282 900 401 974 temus,
424 909 558 975 eamque
582 888 779 974 interpolatis
801 887 904 952 verbis
926 892 968 964 ὥς
986 922 1032 938 -
1052 891 1252 976 deperderet·

281 987 508 1058 restituamus?
531 988 588 1081 (2).
643 991 705 1056 Pro
738 993 780 1066 ὥς
806 993 842 1058 os)
868 991 967 1058 notet
994 1013 1030 1057 ex
1057 994 1134 1059 Pari
1162 1018 1250 1062 oon·

279 1092 404 1178 jecturd
422 1093 538 1180 legitur
559 1097 602 1169 oie
622 1095 657 1160 od
679 1093 792 1181 σχολὴ,
814 1115 882 1158 nors
904 1107 1015 1180 ooeet,
1037 1117 1119 1182 quae
1133 1101 1245 1187 lectio,

282 1195 359 1262 lieet
377 1197 560 1285 ingeniosa,
588 1219 629 1263 an
650 1196 772 1264 admitti
796 1197 907 1284 possit,
936 1194 1144 1266 dubitaverim
1168 1200 1225 1293 (3).

325 1401 369 1468 Ex
393 1412 464 1466 ante
489 1400 581 1468 dictis
603 1402 700 1489 igitur
724 1403 801 1466 licet
825 1401 897 1467 satis
925 1413 1072 1488 appareat
1100 1405 1248 1494 aequita-

281 1513 349 1567 tem
373 1501 505 1570 euadere
538 1504 714 1570 amicorum
746 1503 891 1569 aduersae
921 1505 1065 1571 fortunae
1090 1511 1244 1596 succurri,

281 1627 377 1672 nemo
399 1617 505 1672 tamen
526 1605 568 1670 ad
588 1605 843 1673 beneficientiam
865 1618 987 1693 poterat
1012 1609 1092 1696 cogi.
1137 1612 1247 1699 Neque

282 1707 346 1772 alia
378 1718 424 1772 est
448 1705 578 1772 Heraldi
603 1707 756 1772 sententia
782 1704 849 1798 (t),
878 1708 912 1773 in
936 1708 1000 1775 hoo
1023 1733 1097 1776 vero
1122 1710 1249 1779 disere-

282 1811 405 1898 pantio,
436 1809 524 1898 quod
549 1809 633 1876 dicat
657 1810 776 1875 amieos
800 1810 970 1898 aliquando
992 1810 1032 1877 ad
1055 1812 1250 1882 heneficium

282 1934 351 1978 etse
386 1913 554 2002 obligatos,
588 1915 613 1978 si
643 1913 795 1978 nimirum
830 1912 871 1977 ab
904 1913 958 1999 iis,
994 1916 1050 2001 qui
1085 1931 1249 2007 rogarent,

281 2021 372 2108 prius
395 2021 472 2108 ipsi,
500 2018 577 2084 dum
601 2019 646 2084 ita
669 2017 766 2084 ferret
787 2018 928 2103 fortuna,
958 2031 1059 2085 essent
1080 2022 1250 2108 sublevati,

284 2136 339 2192 aut
377 2127 403 2190 si
436 2126 508 2214 quis
539 2124 622 2190 illud
656 2145 772 2190 munus
804 2123 998 2209 suscepisset.
1058 2124 1121 2190 Sed
1154 2127 1250 2214 haee,

282 2230 402 2318 quippe
432 2227 473 2296 ad
498 2229 689 2316 aequitatem
713 2226 919 2314 pertinentia,
948 2225 995 2290 nil
1019 2247 1075 2292 nos
1098 2242 1250 2296 moveant

282 2333 428 2421 Namque
465 2333 567 2399 omnis
600 2329 782 2418 hujusmodi
807 2329 1031 2397 beneficientia
1058 2333 1169 2400 referri
1190 2359 1252 2424 po-

282 2447 343 2504 test
376 2435 418 2502 ad
452 2435 553 2502 officia
566 2483 577 2516 ,
611 2455 692 2522 quae
732 2445 846 2499 rooant
879 2433 1083 2522 imperfecta,
1117 2437 1180 2504 sire
1211 2437 1252 2504 ad

278 2539 452 2626 justitiam,
476 2560 572 2626 quam
594 2538 826 2603 attribntrioem
848 2537 925 2603 dixit
948 2539 1079 2606 Grotius
1096 2540 1160 2632 (5),
1189 2543 1252 2632 qui

281 2643 408 2708 seilicet
443 2641 546 2706 officia
576 2659 641 2704 non
678 2662 715 2704 ex
751 2641 825 2726 jure
867 2643 1055 2728 expletorio,
1092 2645 1147 2711 sed
1184 2647 1253 2714 κατ’

281 2747 377 2824 ἀξίαν
405 2743 562 2810 debentur
590 2739 660 2830 (6).
686 2739 784 2824 ¹Quae
809 2744 864 2830 qui
890 2745 1023 2833 negligit
1048 2746 1251 2816 humanitatis

281 2869 393 2934 expers
415 2857 463 2911 est
481 2843 723 2932 beneficioque,
747 2846 835 2932 quod
856 2847 891 2912 in
916 2870 949 2914 se
973 2851 1171 2937 conteratur,
1192 2855 1252 2919 in·
1326 2899 1330 2910 ,

285 2949 413 3038 dignus,
443 2960 475 3014 et
496 2971 570 3014 uero
597 2951 672 3014 Jure
695 2949 801 3016 Attico
822 2957 931 3038 ἄτιμος
954 2965 1021 3019 emt
1043 2952 1100 3044 (7).
1146 2958 1252 3040 Quare

284 3055 426 3140 ἐρανικὰς
448 3052 536 3125 δίκας
564 3071 600 3116 ex
624 3050 698 3116 hoo·
712 3053 800 3117 erani
828 3077 943 3142 genere
969 3059 1172 3125 exterminata
1191 3084 1255 3127 ve-

284 3157 361 3241 lim,
395 3176 478 3244 quae
509 3151 633 3239 judicia
665 3152 706 3218 ad
743 3156 869 3221 nullum
905 3155 993 3223 aliud
1035 3160 1123 3224 erani
1154 3147 1255 3248 genus

283 3259 463 3349 pertinent,
491 3257 552 3322 nisi
580 3253 621 3320 ed
655 3277 787 3343 corpora
809 3257 976 3344 opificum,
1005 3259 1070 3326 sive
1092 3261 1257 3352 adsocie-

286 3377 383 3449 tates,
412 3375 481 3430 tum
503 3362 661 3449 utilitatis,
686 3373 753 3428 tum
774 3363 953 3430 communis
971 3377 1118 3454 quaestus
1141 3370 1256 3457 gotia,

285 3467 451 3532 institutas.

288 3639 648 3657 Μ

320 3723 363 3792 (1)
383 3720 450 3774 Vid.
468 3719 582 3774 Obserr.
601 3727 628 3772 et
643 3717 757 3771 Emend.
776 3717 809 3772 C.
827 3719 871 3772 id.
916 3719 958 3788 (2)
977 3718 1056 3773 Conf.
1075 3721 1216 3777 Fisohor'us
1233 3726 1262 3782 in

207 3782 210 3802 Ι
283 3807 364 3862 Notio
388 3807 422 3858 ad
450 3804 524 3856 laud.
550 3799 690 3872 Theophr.
715 3801 820 3867 Chen,
855 3809 883 3856 et
907 3805 936 3858 in
961 3804 1054 3857 Indice
1089 3823 1116 3861 v.
1143 3807 1262 3862 Hoetu.

284 3891 326 3960 (3)
347 3888 427 3942 Conf.
465 3887 498 3938 de
535 3883 585 3938 hac
613 3885 726 3938 lectione
750 3883 872 3938 Fischeri
898 3886 986 3940 Notae
1011 3888 1045 3940 ad
1072 3888 1092 3940 l.
1120 3887 1262 3958 Theophr.

282 3970 387 4037 Chen,
407 3977 434 4023 et
449 3969 557 4022 omnino
575 3969 692 4023 Doctiss.
710 3965 785 4036 Pan,
806 3972 834 4023 in
853 3973 926 4024 Dies.
947 3973 1020 4025 laud.
1044 3991 1072 4042 p.
1097 3974 1156 4025 tte.
1175 3992 1216 4043 sq.
1234 3975 1263 4028 in

281 4062 344 4110 mot.
380 4053 422 4123 (i)
442 4053 509 4107 vid.
530 4051 646 4107 Obserr.
668 4061 694 4105 et
712 4053 825 4105 Emend.
846 4051 878 4105 C.
897 4056 941 4106 dd.
979 4056 1021 4125 (5)
1041 4055 1167 4108 Deiera
1186 4055 1217 4108 Β.
1237 4062 1265 4108 et

280 4121 439 4192 '1³.1.1.e.
474 4137 516 4207 (e)
537 4136 616 4190 cont.
634 4139 745 4192 aristot.
762 4135 856 4192 ethic.
871 4139 905 4192 aa
920 4137 1027 4192 uicem.
1045 4139 1082 4195 v.
1096 4143 1123 4196 e.
1160 4142 1201 4216 (η
1219 4145 1264 4198 n·

282 4235 369 4292 ΡΟΕΠΙ
384 4218 495 4287 dmum
512 4220 584 4275 conso
603 4221 683 4276 petit·
702 4221 736 4274 &id
753 4219 814 4277 1⁴14·
834 4221 891 4278 Adi·
910 4241 938 4294 Pe
956 4224 1017 4280 469·
1035 4239 1096 4297 ηἷι
