2904 4826
601 525 765 589 -91-

198 760 200 764 ,
243 700 366 790 Operae
391 705 528 791 pretium
553 717 599 770 est
624 705 664 790 de
689 707 745 772 ills
765 707 960 796 benignitate
982 732 1071 805 nosse
1092 711 1170 779 He·-

198 807 279 874 rsldi
304 810 510 894 sententiam,
544 805 694 875 dicentis:
725 809 829 876 uaddo
859 813 969 898 etiam,
1001 816 1065 880 etsi
1081 819 1165 883 actio

196 909 365 976 »adversus
389 933 479 996 euro,
499 913 566 999 ·qui
589 913 766 978 amicorum
793 915 988 1002 benignitate
1003 930 1164 988 sustenta—
1273 999 1277 1008 Ι

195 1021 284 1095 utus,
315 1013 479 1078 meliorem
506 1014 666 1094 lortunam
688 1027 799 1080 nactus
824 1029 904 1102 erat,
933 1041 997 1084 non
1022 1019 1165 1106 deretur,

197 1115 342 1200 »pudore
361 1127 466 1182 tamen
489 1129 521 1182 et
541 1118 711 1183 honestatis
732 1131 877 1206 respectu
898 1132 929 1186 et
945 1121 1049 1187 officio
1070 1123 1165 1188 luisse

194 1213 403 1306 subligatum.
447 1221 528 1286 Nam
551 1221 615 1308 qui
636 1221 738 1286 ironte
759 1221 855 1288 homo
878 1245 1046 1314 generosae
1064 1246 1164 1290 men-

194 1325 272 1408 »tis,
296 1325 331 1390 in
351 1347 386 1390 re
408 1327 571 1413 praeclara
594 1338 626 1392 et
648 1329 753 1413 ampla
773 1325 975 1414 constitutus,
999 1351 1063 1394 non
1086 1329 1164 1396 red-

195 1423 310 1490 nderet
339 1429 468 1514 amicis,
501 1430 557 1518 qui
589 1451 664 1494 cum
693 1429 818 1496 lortund
846 1431 972 1498 adversa
996 1456 1164 1520 premere-

196 1539 294 1605 ntur,
331 1553 442 1597 eorum
482 1532 701 1598 munificentie
737 1535 797 1600 sibi
831 1536 946 1602 collata
980 1551 1163 1624 acceperat,

196 1629 345 1720 »hacque
366 1656 426 1720 ope
451 1657 488 1701 ex
510 1636 635 1723 inopiae
660 1637 870 1704 incommodis
895 1641 1087 1710 emerserat?
1106 1643 1164 1735 (l).

194 1733 310 1820 Digna,
332 1737 492 1822 prolecto,
526 1739 696 1826 sententia,
730 1763 811 1828 quae
834 1743 1010 1828 proferatur
1040 1747 1081 1812 ab
1107 1768 1165 1834 eo,

196 1839 252 1926 qui
283 1839 407 1925 judicia
436 1841 602 1906 eranistica
635 1863 671 1906 ex
701 1856 807 1909 nostro
842 1847 928 1910 erani
956 1869 1072 1936 genere
1099 1870 1164 1916 non

196 1943 326 2020 omnino
349 1945 553 2010 exterminata
574 1943 662 2009 velit!

240 2045 344 2128 Quam
366 2065 481 2132 parum
504 2057 611 2110 tamen
638 2045 697 2111 sibi
721 2056 842 2112 constet
866 2045 1021 2113 lleraldus
1044 2049 1087 2114 in
1100 2052 1164 2139 jn·-¹

196 2145 288 2213 diciis
311 2150 375 2214 illis
401 2151 575 2216 eranisticis
602 2151 788 2237 probandis,
822 2163 973 2219 testantur
998 2177 1061 2239 ea,
1082 2179 1165 2244 quae

196 2251 284 2316 haud
303 2255 405 2318 multo
437 2265 506 2340 post
534 2255 637 2342 pergit
662 2255 718 2320 ille
742 2253 857 2320 horum
878 2255 1076 2340 judiciorum
1100 2281 1165 2346 pa·-

150 2405 153 2408 .
195 2364 314 2420 bonus.
358 2355 432 2422 »Ob
453 2377 507 2440 ea,
528 2358 655 2444 itaquit,
678 2377 760 2444 quae
781 2357 918 2442 gratuito
940 2357 1165 2446 conferuntur,

195 2470 274 2526 »aut
311 2458 410 2544 finnt,
446 2459 535 2524 nulla
564 2458 656 2524 datur
687 2459 790 2544 actio,
827 2457 1023 2524 contrahitur
1059 2471 1166 2526 tamen

196 2561 370 2649 »obligatio
386 2563 536 2628 naturalis
549 2561 589 2628 ad
603 2563 756 2650 ἀντίδωρα
770 2561 782 2653 (
803 2559 844 2651 ).”
889 2561 983 2627 Tollit
996 2563 1109 2650 igitur,
1129 2578 1167 2632 ut

196 2665 351 2750 ridirnus,
373 2666 599 2753 obligationem
622 2667 748 2731 ciuilem
773 2665 815 2732 ad
836 2687 948 2730 eranos
971 2666 1170 2755 reddendos,

197 2767 374 2834 substitutis
391 2769 546 2856 querelis,
568 2791 649 2856 quae
665 2770 925 2835 existimationem
938 2769 1077 2837 laedunt.
1101 2773 1165 2844 Sed
1255 2819 1257 2834 .

197 2875 277 2942 haec
297 2873 458 2940 haetenus.
496 2873 583 2956 Quid
604 2872 727 2940 multa?
761 2876 858 2941 Plura
877 2874 934 2964 qui
954 2873 1124 2962 desideret,
1144 2899 1164 2942 a

196 3002 249 3046 me
264 2990 385 3062 tamen,
402 2976 520 3064 quippe
536 2997 609 3042 curn
626 2990 812 3065 argumento
827 2979 932 3044 minus
946 2975 1167 3064 cohaerentia,

196 3081 322 3148 silentio
342 3078 575 3166 praetermissa,
598 3077 689 3146 adeat
712 3081 768 3145 ille
787 3080 960 3146 Heraldum
980 3078 993 3170 (
1014 3077 1039 3168 ).

190 3201 564 3222 annm

226 3251 269 3323 (1)
289 3249 356 3304 vid.
382 3249 524 3303 Observat.
551 3249 585 3300 ad
610 3249 660 3302 Jus
687 3249 745 3302 Ast.
772 3258 799 3304 et
822 3249 1016 3304 ttom.v1.1.
1057 3249 1101 3318 (2)
1121 3248 1168 3304 Sic

190 3337 262 3407 apud
280 3336 384 3389 Imaum
402 3335 435 3387 de
456 3332 592 3403 Astyphili
608 3333 722 3388 heredit.
741 3355 770 3404 p.
786 3337 847 3388 244.
867 3336 945 3406 (77),
964 3334 1043 3387 Torn.
1053 3331 1123 3388 Vll.
1132 3333 1166 3388 R.

191 3419 320 3488 objicitur
337 3417 457 3470 Hieroeli
473 3435 500 3468 se
516 3433 572 3468 non
590 3419 699 3486 gratiam
712 3419 833 3471 retulisse
847 3419 970 3471 idoneam
985 3417 1033 3482 iis,
1052 3431 1168 3485 quorum

191 3500 354 3554 bneficium
370 3501 463 3569 pejore
482 3506 553 3552 sorte
570 3518 632 3552 usus
649 3508 773 3568 expertus
790 3502 900 3569 luisset,
918 3499 962 3564 bis
978 3499 1083 3555 verbis:
1103 3502 1167 3550 sott-

190 3603 253 3648 τοι,
278 3585 443 3656 ‘feodalem
469 3583 559 3636 πολλὰ
575 3584 689 3652 κᾴγαθά
705 3588 807 3640 παθὸν
825 3587 880 3640 ὑπὸ
899 3587 1091 3657 Θεοφράστου,
1115 3585 1167 3634 τοῦ

189 3667 296 3738 πατρὸς
312 3668 363 3718 τοῦ
382 3668 467 3730 ἐμοῦ,
486 3665 533 3717 ὅτε
553 3674 648 3738 χοῖρον
660 3668 799 3738 ἔπραττες
811 3669 829 3736 ἢ
843 3669 923 3731 sarsl,
942 3668 990 3719 stol
1000 3665 1167 3720 irred’lotu-

191 3749 290 3817 olleo,
317 3750 458 3823 οὐδετέρῳ
484 3752 582 3804 αὐτοῖο
604 3755 656 3819 τὴν
680 3752 759 3811 ἀξίαν
776 3751 1024 3831 χάρττρόποδίδας.
1060 3749 1168 3804 Etenim

192 3834 274 3887 aliter
289 3828 435 3888 ,obtinebat
458 3835 524 3888 lure
541 3836 679 3901 Romano,
699 3853 753 3905 quo
771 3837 873 3888 scilicet
891 3834 925 3886 ad
941 3834 1080 3904 ἀντίδωρα
1098 3833 1168 3886 actio
1213 3875 1215 3882 .

192 3915 267 3966 nulla
283 3915 407 3972 dabatur.
443 3917 487 3971 Cf.
507 3918 639 3973 Everard.
657 3916 726 3972 Otto
744 3918 778 3970 ad
795 3916 998 3970 Pusendorlium
1017 3917 1051 3970 de
1069 3916 1168 3972 Officio

195 3997 319 4052 Hominis
346 4009 373 4053 et
398 4001 473 4055 Civis
498 4001 523 4054 Ι.
551 4003 577 4055 8.
602 4003 628 4054 8.
672 3999 795 4070 Negleeti
812 4017 876 4054 vero
894 3998 1019 4052 beneficii
1037 3999 1169 4069 judicium

195 4079 253 4130 dari
267 4079 388 4149 iniquum
405 4090 546 4152 rectaeque
561 4083 658 4136 rationi
674 4099 728 4136 non
744 4089 948 4136 consentaneum
962 4099 1031 4147 esse,
1048 4082 1171 4134 animad-

193 4159 276 4212 κιαι
301 4161 401 4216 seneca
428 4167 461 4218 aa
487 4165 629 4220 senecae
655 4156 710 4219 11'1.
738 4167 764 4217 τ.
802 4167 844 4234 (a)
866 4164 899 4218 ra
924 4164 1040 4222 osan.
1067 4167 1100 4219 aa
1122 4157 1177 4223 sus

194 4242 253 4294 arr.
273 4251 300 4295 et
318 4243 394 4297 Rom.
415 4247 468 4300 vl.
489 4250 513 4299 1.
1174 4249 1175 4253 ’
