2904 4826
626 525 809 586 -121-

231 717 316 784 erat,
339 719 377 772 ut
403 709 441 770 ι’νι
463 727 515 770 σοι
540 707 643 769 ιίνιιυί
670 727 817 793 opernm,
842 729 942 796 quam
965 705 1108 775 oh'aiiis
1132 711 1200 776 im-

226 823 406 900 petrasset,
429 810 608 896 conserente
625 809 722 874 veluti
744 810 932 896 eranaroha,
950 811 1006 898 qui
1025 813 1139 876 collati
1157 813 1198 877 ab

230 915 342 980 amicis
361 911 499 1002 pecunid
521 911 626 976 amico
646 911 774 977 cuidam
794 913 946 978 auxilium
966 913 1048 978 ferre
1069 914 1197 980 solebat.

230 1017 350 1084 Eodem
371 1017 471 1094 redit,
494 1015 581 1104 quod
612 1014 759 1081 Budaeus
783 1037 819 1080 cx
844 1016 988 1103 Appiano
1013 1017 1115 1084 offen:
1143 1022 1198 1091 τὰς

229 1121 329 1206 χρείας
352 1120 495 1203 ἀλλήλοις
516 1120 726 1205 συνηράνιζον.
769 1117 877 1182 »Inter
901 1139 932 1183 se
957 1119 1004 1184 ita
1033 1121 1214 1206 conjuncti.

225 1213 353 1308 sierint,
374 1235 410 1288 ut
429 1221 518 1311 qaod
538 1222 595 1286 uni
618 1243 697 1308 opus
714 1230 810 1305 esset,
832 1221 886 1286 alii
908 1220 999 1286 adid
1018 1223 1197 1309 perficien-

227 1325 327 1392 »dum
353 1347 463 1412 operas
485 1325 611 1410 darent,
633 1335 665 1390 et
683 1323 879 1390 conficerent
892 1321 966 1415 (1).”
1003 1325 1089 1408 Quid
1111 1329 1197 1394 enim

226 1428 308 1494 illud
337 1429 424 1494 alind
449 1441 513 1514 est,
537 1429 597 1494 nisi
622 1440 775 1492 mutuom
800 1449 933 1515 oper-om
951 1433 1153 1515 Ρνυιισανσΐ

270 1533 546 1616 Quemadmodum
571 1536 762 1622 ἐρανίζεσθαι
786 1532 892 1600 medici
913 1534 1015 1600 sormi
1040 1538 1194 1623 occurrit,

225 1641 270 1704 sic
286 1641 532 1724 συνερανίζεσθαι
544 1637 663 1726 possiti
678 1637 778 1705 torma
793 1637 964 1723 accipitur,
978 1650 1014 1702 ut
1029 1639 1068 1703 sit
1083 1663 1195 1730 conpo-

144 1731 146 1738 ’
225 1742 273 1824 σι’,
293 1741 412 1829 colliyi.
426 1742 473 1806 Ita
489 1743 574 1808 enirn
588 1743 694 1824 Plato,
715 1751 770 1806 aut
786 1741 927 1827 quisquis
943 1753 989 1809 est
1003 1755 1113 1808 auctor
1129 1743 1196 1808 die-

143 1897 148 1908 .
223 1845 304 1933 logi,
329 1846 385 1932 qui
407 1843 564 1911 Axiochus
583 1844 783 1910 inscribitur:
809 1844 863 1918 Ὡς
883 1849 924 1911 ἂν
944 1848 1199 1930 συνηρανίσμευον

223 1953 256 2013 εἰν
276 1947 440 2028 σύγκλυδας
454 1947 545 2033 ὄχλου
560 1944 617 2035 (2).
655 1947 708 2010 Sic
719 1968 777 2032 pro
793 1949 939 2034 conformi
955 1947 1095 2012 occurrit
1112 1947 1196 2033 apud

224 2050 408 2134 Philonem,
433 2049 471 2114 tle
493 2049 610 2114 Mundo
625 2051 653 2134 §.
670 2053 705 2114 9:
726 2057 851 2118 πάντων
865 2056 906 2125 εἰς
919 2057 975 2134 τὴν
989 2051 1198 2136 συμπλήρωσιν

223 2159 315 2224 αὐτοῦ
337 2154 402 2246 (τοῦ
427 2151 550 2244 κόσμου)
572 2156 859 2242 συνερανισθίντυιν.
907 2157 996 2238 Quae
1018 2155 1196 2241 Stephanus

220 2259 335 2344 ,vertitr
377 2258 480 2323 »Cum
514 2258 621 2323 omnia
650 2257 690 2322 ed
718 2261 989 2347 complementum
1022 2260 1089 2345 ejus
1121 2261 1198 2324 col-

221 2361 307 2426 »lata
343 2358 487 2425 lucrint”
546 2359 693 2424 Budaeus
725 2383 799 2427 tero
829 2363 925 2428 verbo
960 2373 1073 2427 neutro
1107 2384 1196 2426 usus:

219 2486 319 2530 >reum
342 2463 449 2528 omnia
473 2461 513 2526 ad
539 2464 813 2548 complementum
839 2465 908 2550 ejus
937 2465 971 2528 in
997 2485 1099 2528 unum
1120 2469 1198 2528 coi-

217 2568 325 2634 uerint
345 2564 421 2658 (W
465 2567 527 2632 Sed
553 2589 692 2654 quonam
716 2569 812 2636 verbo
833 2569 1052 2635 locumlatine
1065 2565 1194 2651 reddes,

221 2681 378 2736 neutrone
404 2691 445 2736 an
469 2671 605 2758 passivo,
628 2669 714 2736 haud
736 2673 874 2738 multum
895 2672 1039 2753 interest3
1064 2669 1196 2756 praele-

221 2797 292 2840 ram
322 2765 450 2860 umen,
482 2787 520 2840 ut
555 2773 697 2840 Philonis
731 2776 822 2840 locus
854 2795 948 2840 sunus
977 2773 1031 2858 sit,
1062 2771 1195 2838 verbum

219 2877 387 2963 passivum.

262 2979 313 3046 Ad
338 2989 532 3048 structuram
568 2982 657 3046 verbi
693 2982 842 3071 ἐρανίζειν
870 2981 958 3070 quod
993 2981 1118 3062 attinet,
1139 2979 1195 3042 ri-

219 3082 311 3148 detur
334 3080 416 3148 illud
437 3081 571 3149 verbum
597 3105 689 3148 sensu
715 3085 903 3172 eolliperrdi,
931 3082 1019 3150 haud
1040 3101 1131 3146 secus
1153 3099 1190 3143 ac

197 3195 342 3252 ,caetera
361 3183 459 3250 verbu
479 3185 638 3274 rependi,
658 3184 821 3272 duplicem
843 3185 1008 3252 admittere
1028 3185 1191 3250 accusati-

251 3419 294 3488 (ί)
314 3417 393 3470 Ceut.
414 3415 543 3486 Stephau.
562 3419 581 3469 l.
599 3418 619 3469 l.
658 3418 700 3490 (2)
719 3419 750 3471 Ρ.
768 3419 828 3470 369.
844 3415 879 3466 B.
886 3435 897 3477 ,·
915 3415 958 3468 Cf.
976 3413 1091 3484 Dionys.
1109 3413 1198 3466 Helie.

214 3503 248 3554 de
259 3501 376 3556 lsocrste
386 3520 414 3568 p.
425 3503 490 3566 stt,
506 3499 585 3554 Tem.
596 3498 633 3552 V.
643 3501 693 3565 lh,
709 3502 840 3554 συσσίτια
852 3498 969 3550 δἀυτιῦ
989 3497 1120 3566 (Λυσίου)
1136 3495 1196 3546 isi-

212 3598 299 3642 πεται
323 3586 395 3635 κατὰ
412 3585 519 3651 ταύτην
536 3587 587 3650 τὴν
606 3583 722 3654 ἀρετὴν,
749 3583 810 3634 ὅσον
828 3581 883 3632 τῶν
902 3581 981 3642 φύσιν
999 3580 1089 3632 καλῶν
1106 3581 1195 3642 σωμα-

213 3685 267 3718 τινν
284 3669 320 3718 τὰ
335 3667 568 3738 συνερανιζόμενα
587 3667 693 3730 κόσμοις
711 3664 852 3720 ἐπιθέτοις
870 3659 1041 3731 coaugens,
1052 3663 1194 3727 adornata,

213 3750 378 3817 composita,
405 3749 534 3819 quasique
559 3747 775 3818 coagmentanss'
811 3745 886 3798 Haec
908 3753 948 3798 est
971 3745 1074 3799 Budaei
1090 3753 1197 3798 moten-

211 3835 265 3898 tis,
291 3855 361 3906 quae
384 3853 479 3905 param
507 3834 610 3902 placuit
636 3830 775 3901 Stephano
802 3831 842 3900 (iu
859 3829 941 3884 Thes.
959 3831 979 3881 l.
998 3831 1033 3900 l.)
1060 3829 1194 3884 vertenti:

215 3935 353 3986 »corpora
370 3919 399 3970 in
418 3935 488 3988 qnae
504 3916 605 3984 erogati
622 3914 730 3966 luerunt
748 3919 857 3966 ornatus
874 3912 999 3977 ascititii,
1018 3912 1060 3966 vel
1082 3929 1198 3982 corpora

212 4002 360 4071 corrogatis
376 4002 515 4054 ornatibus
531 4007 559 4052 et
575 3997 745 4052 emendicatis
761 3995 914 4064 praedita.”
951 3993 1035 4071 Cujus
1052 3996 1196 4048 sententiae
1303 4023 1309 4038 .

213 4087 350 4140 facilene
367 4086 481 4140 addico:
499 4101 561 4138 narn
579 4081 686 4144 κόσμοις
702 4081 843 4137 lardbruca
861 4085 900 4132 est
913 4076 1021 4132 dativus
1032 4077 1197 4130 instrumen-

214 4172 255 4236 ti,
283 4189 344 4224 cum
361 4189 452 4241 praep.
473 4171 522 4226 οὖν
540 4187 594 4225 non
613 4165 764 4223 cohaerens.
802 4165 844 4234 (3)
864 4161 944 4217 Coei.
964 4159 1093 4230 Stephon.
1113 4158 1195 4212 Thes.

215 4255 250 4309 1..
270 4255 321 4310 Gr.
341 4256 360 4307 1.
379 4256 398 4306 l.

1039 4334 1078 4392 16
