2886 4826
723 543 863 604 hg..-

309 741 348 792 σο
367 721 571 794 scribendum
591 720 705 805 λγπολὴ
716 747 728 802 ,·
749 719 836 810 quod
857 729 982 807 tamen,
1005 741 1046 788 an
1067 732 1154 788 recte
1177 741 1276 811 cepe*

308 834 365 917 rit,
396 830 520 912 dubito;
551 826 675 897 ridetur
703 827 789 894 enim
821 848 877 894 vox
904 847 969 896 non
1004 847 1070 892 esse
1104 827 1272 905 mutanda:
1379 824 1388 834 '

144 1013 149 1018 q
306 936 386 1003 Nam
412 933 621 1013 ἐντέλλεσθαι,
650 928 738 1018 qnod
765 927 852 996 idem
887 939 933 994 est
970 949 1007 998 ac
1043 929 1271 1016 ἐπισὲλλεσσυι,

241 1077 243 1082 .
306 1035 462 1124 significat
488 1035 626 1125 jutura,
660 1037 832 1122 imperare.
887 1033 940 1100 Sic
975 1034 1098 1121 saepius
1132 1036 1274 1102 occurrit

306 1142 470 1227 imperare
508 1133 662 1225 (tributa).
706 1136 829 1209 Dicitur
848 1136 945 1224 igitur
970 1137 1093 1219 ἐυτολὴ,
1125 1137 1164 1202 id
1189 1139 1286 1226 quod*

305 1245 491 1330 &superatur
511 1236 707 1329 (tributum),
731 1248 880 1327 tanquam
902 1259 996 1308 cansa
1014 1238 1167 1326 efficiens,
1188 1238 1275 1306 nude
1343 1229 1346 1239 ’

305 1350 426 1433 σῖςφορὰ
454 1355 500 1410 est
527 1343 667 1440 effectus.
710 1341 841 1410 Etiamsi
864 1341 961 1428 igitur
986 1343 1173 1430 significatio
1203 1368 1276 1414 cusu

305 1450 423 1530 τελεία,
453 1469 549 1536 quam
578 1447 689 1513 Pollux
719 1443 753 1536 (1.
778 1443 813 1535 1.)
842 1448 952 1534 λ’ρυυυυ
977 1448 1134 1533 explicans
1158 1459 1274 1535 protu-

306 1547 360 1639 lit,
388 1573 489 1639 aeque
516 1571 554 1616 ac
579 1549 684 1632 ἐυτολλγ
708 1571 878 1639 synonyma
903 1553 942 1618 sit
966 1543 1037 1619 roci
1063 1556 1189 1641 ἕρυυοσς
1212 1573 1275 1618 ne-

306 1658 387 1724 mini
410 1668 517 1724 tamen
545 1654 678 1722 dubium
700 1677 860 1744 superesse
883 1656 1089 1744 crediderim,
1116 1658 1195 1746 quin
1217 1679 1275 1723 vox
1390 1678 1392 1682 ’

306 1763 463 1833 ουυτελεία
490 1761 609 1827 oriatur
640 1781 659 1826 s
689 1761 785 1826 rerho
818 1761 990 1845 ουυτελσῒυ,
1014 1758 1100 1850 quod
1121 1759 1274 1848 exquisite

307 1863 464 1958 significat
498 1865 637 1949 tributo,
668 1865 841 1954 oeotiqols'a
863 1867 1014 1956 pondero.
1059 1867 1149 1950 Quae
1185 1864 1273 1932 notio

307 1973 385 2038 item
408 1970 493 2038 cadit
514 1971 549 2034 in
572 1969 701 2056 simplex
722 1969 830 2039 τελεῖν.

350 2075 496 2147 Vidimus
522 2073 618 2138 etiam
645 2075 755 2159 λ’ρυυου
786 2093 852 2139 csse
879 2077 912 2140 ἐκ
939 2078 1130 2159 συγειοφσρᾶσ
1158 2070 1274 2158 inipso,

307 2179 359 2244 uel
390 2177 565 2243 secundum
596 2175 788 2264 Hesychinm
814 2177 999 2263 simpliciter
1029 2177 1144 2262 δώρου,
1168 2195 1275 2264 neque

308 2275 439 2368 injuria,
462 2301 537 2346 cunr
564 2276 646 2344 illud
670 2278 844 2364 accipiatur
874 2299 938 2343 non
965 2277 1004 2342 de
1036 2277 1146 2365 quouis
1175 2275 1275 2360 dono,

308 2385 365 2452 sed
394 2383 434 2451 de
464 2383 504 2449 iis
538 2381 722 2470 praesertim
751 2379 856 2466 donis,
880 2401 961 2468 qnae
993 2401 1030 2445 er
1057 2379 1191 2446 collecta
1215 2399 1278 2465 pez·

309 2489 408 2552 cunia
437 2486 528 2552 fiunt.
573 2485 656 2550 Hinc
682 2482 795 2549 Suidas
819 2486 921 2570 ἔσσυο·
950 2487 984 2550 ἐκ
1012 2482 1156 2565 συλλογῆς
1183 2481 1276 2568 δῶρα,

309 2589 389 2672 sire,
410 2599 448 2652 ut
467 2587 565 2654 habet
582 2587 801 2674 Etymologus,
823 2585 1008 2672 simpliciter
1030 2584 1175 2667 συλλογὴ,
1199 2585 1278 2650 ccl-

309 2690 424 2754 lective
457 2701 582 2772 sumta,
611 2700 648 2753 ut
683 2689 723 2752 sit
752 2700 819 2776 tqto
851 2713 904 2754 ros
930 2692 1081 2771 collectos
1104 2701 1150 2756 est
1171 2702 1278 2756 autem
1309 2770 1312 2776 Ι

308 2791 435 2878 proprie
455 2790 511 2855 illa
531 2787 702 2876 colligendi
728 2789 823 2854 actio:
847 2792 947 2856 oritur
967 2793 1052 2857 enim
1077 2815 1096 2858 a
1119 2791 1275 2873 συλλέγειν

308 2895 465 2982 oolliqors.
520 2891 584 2957 Sed
618 2891 698 2958 haec
732 2902 874 2978 spectant
897 2915 999 2960 unum
1030 2906 1151 2962 tantum
1186 2897 1275 2960 erani

308 3021 428 3085 genus,
450 2997 537 3086 quod
558 2999 591 3064 in
613 2999 752 3063 amicum
777 3020 913 3087 egenum
937 3000 1060 3087 erogari
1082 3000 1216 3066 solebat:
1229 3025 1275 3052 -=·
1378 3009 1380 3016 “

308 3100 350 3167 de
385 3125 448 3190 quo
487 3103 568 3168 infru
609 3101 793 3167 videbimus.
860 3100 1135 3184 Quemadmodum
1176 3103 1274 3194 igitur

308 3206 442 3294 συμβολὴ
479 3229 571 3272 sensu
602 3207 768 3272 collective
797 3217 843 3271 cst
871 3217 939 3271 tota
963 3199 1110 3292 collatio,
1132 3207 1176 3273 ita
1201 3208 1275 3275 ood-

309 3305 383 3394 λογὴ
410 3323 477 3376 tota
508 3311 650 3376 collectio
685 3331 751 3374 esse
780 3299 981 3396 intelligitur3
1005 3308 1147 3396 adeoque
1177 3310 1275 3398 δῶρον
1369 3333 1376 3344 ·
1439 3391 1440 3412 Χ

310 3415 477 3504 respondet
500 3421 543 3502 τῷ
565 3413 710 3496 συλλογὴ,
732 3425 883 3500 tanquam
910 3411 1041 3476 effectus
1064 3432 1185 3476 causae.

745 3516 773 3602 ς.
806 3519 835 3582 6.

298 3679 301 3685 ,
352 3621 514 3686 Habemus
537 3619 634 3707 igitur
660 3640 768 3684 omnes
795 3618 880 3684 vocis
909 3617 1169 3704 significationes,
1191 3617 1278 3687 unde

310 3723 535 3810 etymologine,
568 3721 646 3810 quid
678 3722 717 3786 sit
751 3723 873 3808 λ’ρυυοσ,
910 3719 1142 3807 quodammodo
1174 3735 1277 3810 potest

310 3824 468 3894 illustrari.
534 3828 692 3910 Quocirca
732 3847 796 3890 non
835 3845 913 3910 opus
951 3845 1016 3888 esse
1055 3825 1202 3911 arbitror,
1238 3837 1277 3892 ut

313 3927 391 4016 quid
412 3929 546 4018 quisque
569 3942 709 3996 veterum
734 3925 1019 3992 Grammaticorum
1044 3923 1083 3989 de
1112 3948 1189 3992 voce
1212 3924 1278 3992 de-

312 4031 421 4120 inceps
450 4035 642 4119 exposuerit,
664 4031 776 4098 eodem
802 4029 912 4096 ordine
936 4050 1177 4117 persequamur,
1201 4051 1278 4096 curn

310 4135 430 4202 haecce
450 4133 546 4216 mihi,
566 4146 601 4199 ut
619 4135 785 4200 clariorem
802 4133 894 4200 nobis
914 4132 1000 4197 erani
1019 4133 1190 4198 formemus
1210 4154 1278 4198 no-

313 4238 448 4322 tionem,
474 4233 615 4302 snfficere
636 4234 807 4304 videantur.
859 4237 928 4324 Hoc
948 4245 1053 4312 tamen
1071 4233 1275 4304 animadverti
