2886 4826
590 543 727 605 ..7-

86 751 89 756 ·
176 727 331 813 proposito
358 713 397 789 ¹in
430 744 529 789 unum
562 723 766 788 conveniunt:
811 723 854 788 ita
887 723 971 788 enim
1004 721 1133 788 verbum

175 827 396 916 συμβάλλεσθαι
425 825 504 890 mihi
533 824 656 890 videtur
685 825 921 913 accipiendum
953 847 1017 892 non
1044 847 1133 908 vero,

174 941 210 994 ut
233 941 342 1016 putant
375 928 536 1012 nonnulli,
570 928 659 1014 quasi
694 929 733 992 sit
756 916 956 1015 participium
980 929 1135 1014 passivum

173 1039 225 1099 τοῦ
249 1031 431 1121 συμβάλλειν
455 1028 632 1116 significans
657 1051 710 1094 res
735 1030 892 1109 collatam
914 1029 1137 1118 συμβάλλεσθαι

173 1135 280 1223 itaque
308 1145 413 1198 nostro
440 1133 512 1196 loco
537 1143 582 1196 eet
610 1131 742 1198 verbum
771 1133 928 1218 medium,
955 1145 986 1198 et
1010 1132 1137 1220 signiti-

173 1248 226 1300 cat
261 1235 408 1321 collipere
444 1256 494 1318 ee,
537 1235 692 1322 conjicere
728 1259 762 1300 ee
798 1239 836 1302 in
874 1236 1164 1321 mutitudinem„

174 1339 224 1403 uti
250 1360 286 1402 ex
310 1359 413 1423 praep.
441 1341 494 1404 σύν
521 1336 613 1402 facile
634 1335 739 1402 videre
764 1349 826 1420 ost;
846 1337 923 1404 hinc
951 1339 1055 1404 simul
1074 1338 1137 1403 sire

172 1441 213 1503 ire
234 1461 339 1503 unum
364 1439 470 1502 locum
490 1441 658 1504 conuenire
679 1437 735 1528 (1).
780 1440 936 1506 Prolatam
957 1439 1040 1506 lianc
1062 1463 1139 1507 sen-

172 1543 303 1608 tentiam
327 1553 363 1606 ut
386 1553 490 1626 tuear,
515 1565 572 1628 pro
594 1544 655 1608 ἀπὸ
678 1547 741 1609 τῶν
767 1541 937 1629 legendum
960 1544 1137 1610 censuerim

171 1648 230 1712 ὑπὸ
257 1649 330 1712 τῶν.
376 1643 541 1719 Gaeterum
573 1644 753 1730 accepimus
778 1643 907 1734 quidem
931 1649 1040 1732 ἔρανον
1067 1647 1138 1734 sig-

172 1749 302 1814 nilicaro
331 1753 364 1813 ἐκ
391 1747 541 1836 συμβολήν
567 1749 706 1832 δεῖπνον,
731 1761 767 1816 ut
792 1751 835 1816 ait
861 1749 1051 1840 Hesychius,
1074 1752 1137 1818 sive

173 1852 356 1940 simpliciter
371 1851 540 1939 συμβολὴν,
560 1863 596 1916 ut
609 1851 704 1918 habet
716 1854 827 1918 Pollux
842 1851 886 1944 (L.
900 1853 982 1924 VIII.
998 1875 1020 1918 s.
1038 1848 1136 1942 157.);

172 1952 229 2018 ubi
264 1953 397 2042 συμβολὴ
427 1973 519 2017 sensu
554 1947 731 2018 collectiro⁴
759 1965 805 2018 est
837 1977 971 2020 summo
999 1953 1138 2040 collato,

173 2054 260 2143 quod
278 2057 434 2142 pluralem
455 2075 624 2120 numerum
639 2076 702 2120 non
717 2055 849 2142 accipit,
872 2055 932 2120 nisi
945 2055 1138 2142 intelligatur
1181 2139 1186 2150 Ι

172 2161 213 2226 de
242 2162 350 2226 coriis
374 2157 584 2247 portionibus
613 2159 759 2224 collatio:
792 2159 817 2222 si
849 2159 945 2246 igitur
979 2160 1040 2224 ἀπὸ
1074 2163 1137 2226 τῶν

171 2263 424 2353 συμβαλλομένων
452 2259 537 2326 idem
572 2270 778 2325 statueremus
814 2279 851 2326 ac
891 2265 923 2326 ἐκ
958 2256 1134 2345 συμβολῶν,

171 2389 234 2433 non
270 2365 458 2452 exposuisset
490 2361 670 2428 Athenaeus
706 2367 828 2447 ἐράνους
863 2380 928 2424 esse
953 2361 1134 2439 εῖςανωνὰν,
1178 2409 1181 2420 .

170 2467 225 2532 sed
251 2469 355 2556 potius
390 2469 519 2554 ἐράνους·
552 2466 671 2532 δεῖπνα.
717 2463 812 2528 Ratio
839 2461 921 2527 inira
947 2460 1002 2526 fiet
1030 2462 1136 2528 mani·-

171 2571 259 2635 lesta.
306 2571 406 2634 Minus
436 2581 523 2634 recte
550 2581 657 2634 tamen
682 2565 849 2632 Salmasius
875 2564 997 2652 accepit
1023 2569 1136 2656 eupsic-

170 2671 228 2755 λὴν
255 2692 319 2736 esse
342 2682 532 2736 concentum
555 2667 611 2760 (2l.

616 2774 643 2858 ς.
669 2777 698 2839 e.

214 2877 416 2965 Etymologus
448 2897 541 2963 porro
565 2896 676 2940 vocem
699 2877 810 2962 ἔρανον
836 2874 960 2962 exponit
984 2875 1042 2942 ito:
1064 2877 1136 2963 ἕνα.

62 3043 66 3058 ,
173 2985 231 3056 eoo'
260 2985 295 3047 τὸ
329 2985 363 3046 ἐκ
387 2986 577 3066 σννειςφορᾶς
604 2981 717 3066 δῶρον,
752 2987 774 3063 ἤ
798 2980 920 3064 ἐντολὴν,
949 2979 1133 3064 electiori,

171 3089 192 3166 ἤ
219 3087 346 3169 εἷνφορά.
401 3083 486 3164 Quas
520 3103 612 3148 voces
643 3093 810 3168 antequam
843 3083 1023 3171 singulatim
1053 3105 1136 3172 per·
1231 3111 1234 3121 ’

170 3185 362 3272 pendamus,
396 3187 483 3274 prius
519 3197 581 3271 est,
621 3197 657 3250 ut
691 3208 800 3253 rocem
833 3189 939 3271 ἐντολὴ
975 3189 1136 3276 aliquanto

170 3291 347 3355 accuratius
368 3289 628 3390 pprvestigemus,
651 3309 726 3354 cum
750 3289 791 3354 de
816 3311 888 3356 sora
908 3291 1044 3356 lectione
1067 3289 1134 3356 du-

169 3390 272 3456 bitent
298 3391 496 3478 interpretes.
770 3463 774 3472 .

214 3494 391 3580 Stephanus
423 3493 470 3586 (3)
507 3515 618 3560 vocem
644 3495 750 3579 ἐντολὴ
779 3495 913 3561 alienam
940 3495 1046 3561 sedem
1070 3519 1134 3562 oo-

170 3618 301 3683 cupassc
335 3608 448 3690 censet.
507 3597 661 3664 Kusterus
691 3597 739 3664 ad'
765 3597 894 3664 Suidam
934 3595 982 3688 (t)
1018 3599 1134 3664 notavit

170 3728 281 3772 vocem
308 3706 414 3789 incoli
442 3707 525 3771 male
552 3706 642 3772 reddi
668 3708 879 3792 mandatum,
902 3711 1055 3795 putatque
1075 3731 1133 3798 pro

197 3969 240 4040 (1)
259 3966 297 4023 V.
310 3962 420 4021 Salmas.
432 3967 556 4024 deUsor.
574 3967 605 4022 C.
625 3970 650 4022 3.
670 3987 698 4037 p.
719 3970 780 4034 5³.;
799 3965 898 4021 Gotalx.
917 3968 1030 4026 Adsere.
1047 3970 1135 4040 postlr.

163 4067 192 4117 p.
210 4053 271 4104 855.
297 4078 333 4092 -
354 4049 401 4104 Sic
421 4047 570 4104 Boecklsios
585 4052 614 4104 in
631 4051 754 4120 Corpore
772 4051 896 4121 inscript.
917 4054 947 4106 Ρ.
969 4053 1008 4106 ΙΙ.
1026 4073 1054 4122 p.
1076 4056 1136 4108 170.

165 4133 262 4202 ἔρανον
271 4141 350 4190 vocat
359 4135 484 4187 edendos.
522 4135 564 4204 (2)
584 4133 661 4190 Loco
670 4135 743 4188 laud.
781 4135 822 4206 (3)
843 4134 875 4188 ln
891 4133 971 4190 Theo.
987 4134 1021 4189 1..
1042 4133 1092 4190 Gr.
1109 4155 1135 4194 v.

163 4215 291 4286 ’OEpeeoc-
330 4219 372 4288 (lt)
394 4217 426 4270 ln
445 4235 472 4276 v.
487 4217 614 4288 Ἔρως.
