2886 4826
579 453 751 514 ...47-

189 634 359 712 conterret3
381 629 468 716 quod¹
487 628 618 716 quidem
638 641 793 704 menstrua
814 633 983 719 antiquitus
1005 633 1055 700 die
1074 633 1143 702 fieri

188 749 258 812 erat¹
289 759 369 821 mos,
402 748 440 814 ut
477 746 587 806 auctor
621 747 667 803 ost
698 737 922 822 Harpocration
949 735 1010 827 (1),
1043 759 1142 823 quum

190 839 287 904 dicat:
309 844 359 904 καὶ
382 845 437 923 τὴν
460 845 573 926 φορὰν,
595 844 634 922 ἣν
656 845 782 906 ἑκάστου
798 846 891 925 μηνὸς
910 843 970 909 ἔδει
988 843 1144 930 καταβάλ-

189 945 268 1025 λειν,
290 945 447 1030 εἰςφέρωνς
468 965 578 1010 voeern
603 947 699 1030 φορὰν
724 942 899 1030 significare
923 947 1046 1030 ἔρανον,
1071 955 1145 1008 tnn-

189 1070 283 1133 quam
306 1047 507 1134 pensionem,
525 1047 592 1132 jam
617 1067 710 1132 supra
729 1045 957 1110 inculcavimus
973 1043 1037 1134 (2);
1058 1043 1144 1110 unde

190 1149 332 1216 dixerunt
360 1161 478 1216 ueteres
508 1157 696 1232 κατενεγκεῖν
721 1153 774 1216 τὸν
799 1152 906 1236 ἔρανον
934 1160 965 1213 et
986 1149 1145 1235 πληρώσο-

188 1261 261 1318 οθοο
280 1257 334 1320 τὸν
354 1256 463 1338 ἔρανον
469 1303 479 1334 ,
502 1253 541 1320 de
559 1254 611 1338 iis,
635 1253 691 1340 qui
712 1263 813 1339 partes
834 1274 904 1316 suas
923 1253 1098 1338 implebunt
1111 1255 1145 1319 in

188 1355 332 1422 solvenda
367 1357 445 1442 stipe
481 1379 540 1422 nee
575 1357 691 1422 honam
721 1353 883 1440 ejurabant
912 1355 1044 1441 eopioro.
1099 1355 1145 1420 De

187 1458 316 1522 vocibus
336 1457 567 1543 πληρὼοαοθαν,
591 1458 742 1544 πληρῶσαι
765 1469 796 1522 et
815 1457 960 1544 πλήρωσις
983 1457 1063 1522 irrita
1088 1479 1144 1524 suo

186 1562 258 1624 loeo
281 1559 425 1626 ¹dicemus
451 1557 507 1648 (3).
552 1561 619 1628 Hoc
644 1582 735 1626 sensu
759 1563 864 1646 ἔρανος
891 1559 1007 1624 dieitur
1032 1565 1147 1649 συμβο-

187 1661 239 1743 λὴ,
263 1661 433 1749 καταβολὴ,
457 1661 606 1739 oolloti03
629 1663 690 1726 sive
713 1662 839 1745 συλλογὴ
863 1662 926 1752 (4),
949 1662 1034 1728 haud
1055 1685 1144 1729 seona

188 1786 225 1829 ae
249 1766 357 1830 Cicero
379 1776 509 1850 usurpat
531 1765 697 1830 oolteetom
720 1763 733 1854 (
754 1763 776 1853 ).

140 2021 146 2038 .
230 1969 315 2032 liaeo
342 1968 441 2054 igitur.
468 1967 757 2053 pensiornenstroa
780 1967 901 2032 ridetur
924 1989 988 2032 non
1009 1967 1143 2055 putuisse

188 2069 307 2154 negari3
355 2069 440 2157 qnod
484 2069 538 2155 qui
583 2069 737 2153 iacerent,
783 2067 968 2136 dicebantur
1012 2071 1145 2140 ἐκλιπεῖν

185 2177 279 2257 φορὰν
303 2171 358 2263 (6).
404 2174 521 2256 Recte,
544 2193 614 2238 meu
639 2171 807 2254 sententia,
831 2173 1047 2239 animadvertit
1071 2175 1144 2256 He·-
1252 2187 1255 2194 ’

186 2272 304 2357 raldus,
325 2275 452 2362 singulis
475 2275 635 2340 mensibus
654 2273 713 2343 hue
734 2271 773 2340 ea
791 2295 825 2337 re
838 2273 961 2358 judicio
977 2275 1152 2364 diseepturi.

187 2373 281 2438 fuisse
317 2377 457 2442 solitum:
491 2389 522 2444 at
557 2377 661 2442 minus
690 2385 792 2458 reete,
820 2387 855 2442 ut
886 2399 904 2440 u
930 2379 996 2443 siro
1019 2403 1142 2448 summo

188 2477 469 2543 eum.rereounslia
494 2477 655 2544 discedere
676 2477 785 2560 liceat,
806 2475 889 2544 itane
914 2485 1010 2567 φορὰν
1033 2485 1143 2550 retulit
1178 2479 1179 2485 '

188 2576 229 2640 ad
253 2577 339 2642 aliud
359 2582 443 2645 erani
462 2604 577 2668 genus,
608 2579 694 2668 quod
718 2579 1018 2648 extraordinarium
1039 2597 1144 2668 rocat3

189 2701 268 2766 quo,
297 2703 347 2748 sne
364 2681 491 2768 judice,
518 2684 606 2750 nulio
633 2693 725 2768 poeto
747 2681 855 2746 referri
880 2694 1005 2770 potest,·
1024 2687 1071 2750 uti
1091 2688 1146 2752 iu-

218 2877 314 2946 (1),Ῑο
333 2897 359 2932 v.
375 2881 544 2951 Ἐρονοοτὴς.
591 2879 633 2950 (2)
653 2878 752 2936 Eadem
776 2881 967 2952 significatione
987 2883 1082 2955 ἔρανος
1100 2905 1149 2942 oe-

182 2961 264 3030 corsrit
280 2964 350 3030 apud
368 2961 506 3032 Aristoph.
523 2952 639 3033 Lysistr.
658 2981 684 3018 v.
704 2965 766 3016 654.
838 2965 847 2984 ¹

229 3046 309 3096 »Τὸν
327 3046 437 3116 ἔρανον,
456 3049 503 3097 τὸν
521 3047 668 3114 λεγόμενον
685 3048 819 3118 παππῷον
837 3049 865 3099 ἐκ
884 3049 937 3100 τῶν
954 3049 1123 3117 Μηδοκῶν.”

181 3127 227 3179 ubi
243 3127 309 3180 dicit
326 3128 501 3197 spanhemius
519 3133 552 3183 ad
567 3129 723 3184 callimach.
741 3133 769 3182 in
789 3131 885 3199 Hymn.
902 3131 930 3181 in
947 3131 1037 3182 Ceres.
1059 3149 1085 3184 v.
1105 3133 1148 3184 73.

180 3206 277 3276 ἲρανον
301 3209 379 3262 fuisso
403 3214 541 3278 pecuniam
556 3214 584 3265 in
603 3214 747 3277 aerarium,
767 3212 960 3280 proficuitate
980 3213 1149 3282 uniuscnjus-

181 3306 247 3357 que,
277 3291 342 3342 beili
370 3293 468 3346 Persici
492 3295 655 3362 temporibus
678 3297 711 3347 ab
737 3293 941 3347 Atheniensibus
958 3296 1094 3360 collatam
1116 3299 1149 3350 ad

183 3389 262 3440 quem
281 3371 419 3440 Aristoph.
437 3376 525 3429 locum
542 3378 656 3430 conferri
672 3383 782 3444 possunt
800 3373 893 3430 Schol.
909 3376 975 3428 edit.
992 3377 1146 3442 Diodoriii,

181 3472 210 3522 p.
227 3457 290 3507 740.
324 3455 379 3510 Sed
404 3459 465 3512 vide
490 3476 523 3510 ao
546 3477 599 3512 non
622 3459 669 3512 ille
687 3461 762 3512 loeus
780 3460 813 3512 ad
829 3459 925 3527 ἔρανον
944 3459 1088 3514 amicorum
1103 3460 1149 3510 in-

182 3540 324 3608 digentium
342 3540 435 3594 referri
450 3541 551 3608 possit,
577 3560 656 3612 quern
675 3543 796 3612 equidem
819 3541 853 3595 ad
870 3539 979 3608 collegia
995 3539 1146 3593 retulerim:

181 3623 327 3690 praeeedit
343 3623 411 3674 enim
433 3622 567 3693 soiipesoo
591 3625 642 3693 reip
667 3643 712 3686 pos
736 3624 847 3692 periure
872 3622 912 3690 (v.
939 3621 1013 3690 652.)
1051 3621 1091 3690 (3)
1111 3619 1148 3673 V.

181 3707 291 3760 Salmas.
313 3706 346 3758 de
373 3704 454 3760 Usar.
476 3705 508 3758 C.
526 3707 552 3757 3.
571 3724 599 3773 p.
617 3706 667 3770 48,-
692 3703 807 3758 Miscell.
832 3705 930 3758 dasena
955 3703 987 3757 C.
1008 3703 1033 3754 2.
1052 3721 1080 3770 p.
1096 3703 1149 3768 295

182 3791 292 3854 Herald.
318 3787 460 3852 Observat.
486 3797 512 3842 et
535 3789 703 3850 Emeud.‚C.
721 3792 771 3857 435
798 3789 859 3842 add.
888 3789 985 3843 Pollux
1010 3785 1044 3844 Is.
1062 3785 1148 3842 Vltl.

182 3876 280 3930 salat.
317 3875 358 3944 (4)
379 3873 421 3926 De
436 3872 479 3926 his
496 3875 625 3940 vocibus,
645 3891 712 3944 quae
729 3891 789 3926 curn
804 3875 872 3943 φορᾷ
882 3911 884 3918 .
894 3889 1050 3941 synonymae
1068 3881 1146 3938 sunt,

180 3957 236 4010 vid.
260 3957 460 4026 supralntrod.
481 3959 508 4024 §.
528 3960 545 4010 3
563 3965 591 4010 et
607 3959 633 4009 5.
679 3957 719 4026 (5)
733 3955 782 4011 ,De
798 3954 914 4008 Oratore
932 3953 971 4008 ΙΙ.
992 3955 1035 4012 57.
1070 3954 1148 4010 Coss.

183 4039 216 4090 C.
238 4039 260 4092 1.
280 4042 305 4108 5.
325 4045 351 4095 8.
377 4061 464 4112 supra,
510 4045 550 4113 (6)
571 4041 636 4095 vid.
658 4040 767 4096 Sal-mas.
795 4041 828 4094 de
851 4039 932 4097 Usus.
956 4039 988 4094 C.
1007 4042 1032 4093 3.
1050 4059 1077 4110 p·
1097 4043 1148 4106 ¹183

181 4123 292 4200 Hernici.
311 4125 452 4180 Observat.
471 4133 497 4176 et
513 4124 625 4178 Eruend.
644 4123 675 4176 C.
695 4125 739 4182 44„
