2904 4826
541 542 807 610 THESES.

186 738 247 792 »ut
269 727 338 812 ipsa
360 734 473 791 natura
494 729 584 814 qnasi
609 747 707 794 manu
733 728 877 796 homines
903 729 943 796 ad
967 751 1076 796 earum
1099 751 1159 797 co·

185 831 386 921 agnitionem
408 829 553 899 deducat.
597 831 688 899 Unde
712 834 835 920 saepius
859 835 968 901 mirari
989 857 1041 900 me
1066 835 1164 901 subiit

187 933 441 999 »nonnullorum
471 934 728 1024 incogitantiam,
763 913 837 1024 φο,
849 939 1076 1028 plerarumque
1105 962 1166 1004 re·-

189 1057 284 1101 urum
315 1036 547 1124 nationumque
584 1039 800 1104 inventionem
835 1040 900 1104 suis
932 1063 1093 1130 quamquo
1126 1064 1164 1108 ac

187 1141 307 1208 »certis
328 1143 455 1230 populis
476 1143 573 1210 veluti
597 1145 758 1231 propriam
781 1143 953 1210 tribuunt.”

638 1307 721 1372 XIII.

239 1455 277 1519 In
297 1455 437 1520 Platonis
462 1455 641 1544 Symposio,
669 1478 699 1542 p.
726 1458 806 1540 212,
829 1456 869 1540 G,
898 1457 1048 1544 leguntur
1071 1453 1168 1520 haec:

192 1563 345 1636 Εἰπόντος
366 1561 400 1627 δὲ
424 1565 522 1627 ταῦτα
542 1565 595 1626 τοῦ
616 1565 814 1646 Σωκράτους,
839 1563 908 1634 τούς
929 1562 989 1643 μὲν
1012 1563 1168 1639 ἐπαινεῖν,

193 1667 248 1731 τύν
275 1664 309 1730 δὲ
332 1662 545 1750 Ἀριστοφάνη
568 1661 669 1744 λέγειν
697 1687 727 1728 τι
755 1667 933 1750 ἐπιχειρεῖν,
964 1665 1012 1728 ὅτι
1035 1666 1172 1744 ἐμνήσθη

195 1767 288 1833 αὐτοῦ
312 1765 410 1848 λέγων
436 1771 456 1833 ό
475 1774 641 1854 Σωκράτης
663 1772 732 1854 περὶ
754 1775 806 1835 τοῦ
829 1768 928 1853 λόγον’
949 1773 1001 1834 καὶ
1026 1770 1172 1852 ἐξαίφνης

193 1874 251 1952 τὴν
289 1869 412 1939 αὔλειον
448 1877 549 1958 θείραν
587 1872 774 1958 αρουομίνην
807 1875 905 1943 πολύν
937 1880 1040 1958 ψόφον
1070 1898 1173 1958 παρα-

195 1979 279 2060 σχεῖν
313 1976 355 2050 ῶς
393 1977 578 2056 κωμαστῶν,
619 1978 671 2040 καί
700 1973 879 2063 αὐλητρίδος
907 1981 1011 2060 φωνὴν
1038 1977 1171 2042 οὐκοείεεν.

196 2102 226 2141 ν.
241 2101 270 2142 τ.
285 2075 314 2142 λ.
359 2077 423 2144 Ubi
447 2099 485 2143 ex
509 2077 645 2165 Optimis
670 2075 776 2144 codd:
790 2089 878 2144 recte
903 2079 1040 2166 legimus
1066 2104 1174 2164 προνο-

196 2184 293 2267 μίνην
323 2203 381 2270 pro
414 2183 498 2270 vulg.
532 2183 745 2270 κρατουμένην.
801 2185 899 2249 Porro
934 2188 1101 2269 παρασχεῖν
1132 2184 1175 2256 ῶς

198 2290 383 2370 κωμαστῶν,
407 2290 460 2352 καί
474 2287 668 2376 αὐλητρίδος,
687 2287 808 2354 mutati
824 2288 1096 2377 interpunctione,
1113 2309 1172 2373 pro

198 2397 384 2476 παρασχεῖν,
412 2394 453 2466 ῶς
477 2396 643 2476 κωμαστῶν
666 2395 718 2457 καί
743 2391 939 2481 αὐλητρίδος,
968 2414 1043 2458 cnm
1066 2393 1170 2457 Stall-

203 2489 333 2556 hnumio
356 2491 562 2559 scribendum
584 2492 815 2560 contendimus.

28 2885 30 2888 Ι
244 2803 344 2868 Nemo
367 2803 471 2870 bonus
493 2803 588 2871 JCtns
613 2803 744 2870 evatlere
765 2817 887 2892 potest,
913 2806 973 2872 nisi
997 2805 1172 2870 Literarnm

2 2961 6 2973 .
85 2903 87 2906 ’
202 2907 396 2975 Graecarum
419 2907 633 2996 cognitionem
657 2919 771 2974 teneat.
