2886 4826
693 518 852 580 ..2ss-

294 705 327 766 ts
359 699 516 788 συμβολῶν
549 700 658 766 δεῖπνα
665 726 676 778 ,·
709 697 763 761 sed
795 697 952 780 intdoorpa
984 697 1038 761 illa
1077 699 1188 768 δεῖπνα
1218 725 1257 767 an

294 826 358 868 nou
383 803 443 867 uisi
476 801 612 888 pecunia
636 800 750 865 collati
776 800 901 885 fierent,
924 823 988 865 non
1017 800 1149 868 firmiter
1178 805 1258 870 mibi
1371 809 1377 822 '

294 929 475 993 persuasum
496 905 607 970 babeo.
653 904 763 969 Omnis
785 915 889 968 umen
913 926 978 988 res,
1001 905 1027 967 si
1050 902 1128 990 quid
1150 905 1258 990 video,

294 1011 360 1077 huo
386 1011 452 1075 iere
477 1009 573 1075 redit:
606 1009 749 1095 collegiis
773 1010 977 1074 eranistarum
1005 1010 1167 1093 institutis,
1199 1011 1260 1075 tria

295 1115 390 1178 inisse
424 1113 510 1178 orani
548 1133 664 1199 genera
698 1113 860 1176 solutiora:
907 1119 948 1177 1⁰.
971 1114 1118 1181 Veterem
1150 1117 1260 1201 ἔρανον

294 1220 515 1302 Homericum,
539 1216 594 1302 qui
620 1221 652 1281 ἐκ
675 1215 832 1302 συμβολῶν
860 1217 880 1280 i.
903 1237 929 1280 e.
962 1215 1173 1303 portionibus,
1196 1217 1259 1281 sire

295 1321 495 1410 aequalibus,
532 1317 594 1381 sive
634 1316 854 1401 inaequalibus
890 1315 984 1402 datis,
1025 1317 1099 1381 iniri
1137 1317 1260 1382 soleret.

296 1431 339 1490 2⁰.
363 1424 433 1488 Alia
455 1418 609 1508 quaedam
638 1418 794 1502 convivia,
817 1440 898 1505 quae
926 1418 963 1482 ds
989 1419 1147 1506 symbolis
1170 1430 1261 1483 vocat

295 1527 475 1610 Terentius,
498 1523 554 1587 ubi
576 1523 632 1586 illa
662 1523 810 1608 symbolo
838 1525 1027 1610 plerumque
1056 1521 1095 1587 de
1123 1523 1262 1608 pecunia

293 1627 497 1714 intelligitur3
519 1624 595 1688 licet
617 1622 747 1709 perinde
768 1635 862 1700 esset,
886 1636 994 1690 utram
1015 1625 1152 1711 pecuniis
1173 1623 1258 1707 dati,

294 1755 334 1798 an
367 1729 564 1818 portionibus
597 1727 719 1791 collatis
752 1727 1005 1811 celebrarentur,
1043 1725 1135 1790 modo
1171 1726 1258 1812 prius

293 1836 376 1899 inter
411 1830 530 1897 sodales
562 1829 771 1911 convenisset,
801 1828 879 1915 quid
904 1830 1100 1916 potissimum
1125 1829 1258 1916 quisque
1338 1871 1341 1877 -

295 1947 374 2000 esset
400 1934 581 1998 collaturus.
627 1934 670 1994 3⁰.
694 1929 839 1995 Convivia
867 1931 922 1994 illa
955 1933 1127 2015 ἐπιδόσιμα,
1159 1935 1193 1996 in
1219 1956 1257 1998 eo

294 2061 314 2102 a
344 2033 474 2118 caeteris
506 2034 640 2117 diversa,
676 2043 712 2096 ut
746 2031 883 2117 pecunia
918 2032 1032 2098 collati
1067 2045 1258 2120 constarent,

292 2137 347 2203 sed
377 2139 421 2204 ita
448 2136 593 2226 quidem,
622 2147 658 2198 ut
687 2134 804 2220 cuique
829 2133 961 2198 facultas
985 2146 1080 2219 esset,
1104 2149 1258 2224 quantum

292 2245 402 2326 vellet,
426 2241 585 2320 conferr03
614 2237 693 2324 quin
718 2237 813 2300 etiam
839 2235 1107 2322 defungebantur,
1130 2239 1258 2324 opinor,

294 2345 457 2429 convivae,
480 2341 662 2407 tenuissima
687 2339 842 2425 pecuniae
868 2361 1006 2424 summa,
1035 2342 1084 2405 rel
1111 2343 1257 2428 quapiam

291 2472 341 2534 re,
365 2470 445 2536 quaa
468 2447 541 2512 cibo
566 2445 743 2527 inserviret,
767 2441 854 2508 data:
878 2454 966 2507 erant
986 2443 1070 2508 enim
1095 2447 1254 2528 ἐπιδόσεις,

292 2563 444 2636 utsupra
467 2547 663 2630 monuimus,
686 2545 875 2609 collationes
899 2545 1105 2610 voluntarios
1127 2545 1140 2636 (
1161 2545 1184 2635 ).

721 2647 749 2730 5.
776 2650 824 2708 10.

336 2749 509 2837 Hesychius
534 2753 659 2835 ἔρανον,
683 2757 805 2833 praeter
834 2747 926 2833 alias,
949 2770 1026 2836 quas
1051 2752 1121 2815 voci
1146 2755 1257 2820 tribuit

294 2853 551 2938 significationes,
588 2851 712 2936 exponit
749 2855 783 2914 τὸ
819 2853 880 2917 eisd
915 2853 1003 2937 μέρος
1041 2854 1164 2921 δεῖπνον
1200 2854 1255 2945 ().

294 2959 383 3038 Quae
417 2956 527 3038 rerba,
565 2976 639 3019 curn
684 2955 859 3020 convivium
896 2969 1052 3045 spectent,
1086 2959 1256 3026 ridendum

293 3071 338 3125 est
359 3058 518 3147 quomodo
544 3059 748 3146 intelligenda
772 3071 803 3124 et
827 3059 867 3125 ad
888 3062 975 3148 quod
999 3066 1132 3130 convivii
1159 3089 1257 3153 genru

293 3163 458 3229 reserenda
493 3162 570 3243 sint;
602 3161 694 3226 facile
726 3163 811 3226 enim
836 3164 869 3227 in
904 3163 1036 3232 dubium
1062 3168 1168 3232 vocari
1193 3189 1258 3253 po-

294 3279 368 3352 test,
392 3277 500 3330 utrum
522 3262 561 3328 ad
584 3265 717 3350 collegia
732 3287 772 3329 an
786 3265 825 3330 ad
837 3268 985 3333 solutiora
1000 3282 1104 3336 nostra
1119 3272 1260 3348 convicia

293 3370 479 3456 pertineant.
524 3365 680 3452 Equidem
700 3379 821 3453 tamen,
844 3383 880 3434 ut
900 3373 1039 3460 ingenue
1057 3397 1160 3439 meam
1180 3397 1258 3460 pro-

294 3471 382 3536 fitear
413 3468 616 3552 sententiam,
649 3489 685 3532 ea
723 3469 759 3533 ad
790 3483 961 3563 utrumque
992 3478 1125 3542 convivii
1160 3499 1258 3564 genus

294 3574 460 3640 commode
491 3573 601 3637 reterri
634 3596 722 3659 posse
754 3580 936 3660 putaverim.
982 3581 1129 3668 Hesycbii
1152 3583 1257 3663 locus,

293 3690 329 3741 ut
367 3689 454 3742 recte
489 3675 701 3762 intelligatur,
737 3677 897 3746 videamus
933 3683 1024 3767 eujus
1056 3684 1089 3746 in
1127 3682 1258 3748 aedibus

289 3839 634 3869 ...Ι-...ψ-

326 3941 367 4008 (l)
387 3939 429 3990 Cf.
454 3938 563 3993 Salmas.
583 3941 616 3991 de
634 3939 717 3994 Usar.
744 3942 776 3993 C.
797 3945 822 3995 3.
843 3963 869 4012 p.
889 3949 922 3997 54
943 3949 1204 4015 et5551lersld.l.
1224 3953 1262 4017 l.;

290 4023 324 4074 de
349 4024 478 4077 conviviis
508 4026 563 4076 illis
588 4027 758 4095 caeteroquin
781 4029 877 4080 acriter
902 4039 1049 4098 certantes,
1078 4037 1152 4104 quod
1176 4043 1262 4088 tamen

289 4115 421 4160 certamen
448 4109 540 4160 lubens
563 4112 670 4162 missum
688 4113 766 4164 facio.
789 4141 823 4158 -
846 4114 888 4166 De
906 4134 972 4169 voce
988 4117 1146 4179 ’Enattara
1164 4121 1262 4176 videsis

288 4200 378 4246 notam
398 4195 431 4246 sd
452 4193 478 4260 §-
498 4196 522 4246 3.
543 4193 647 4248 Introd.
663 4187 752 4265 supra.
790 4200 830 4268 (2)
851 4200 883 4253 ln
901 4220 926 4256 v.
942 4201 1074 4274 'Epaone
