2886 4826
672 525 845 585 -22...
915 515 917 520 “
1001 557 1003 573 ,

360 702 438 762 'Hier
454 704 572 776 φέρουσα
588 703 726 768 συμβολάς
741 705 835 756 τοίνυν
853 704 918 766 ἅμα.

361 793 426 854 Πῦς
441 795 596 860 ουμβολὰςο
614 797 662 854 τὰς
678 797 788 854 ταινίας
805 795 832 846 οἱ
848 795 1002 853 Χαλκιδεῖς

362 881 421 936 Καὶ
444 885 508 945 τοὺς
532 886 705 951 ἀλαβάστους
731 885 879 948 συμβολάς’
895 885 1008 936 καλοῦσι
1032 887 1115 957 γραῦ,

256 1083 259 1090 1
315 998 378 1066 Sed
399 999 479 1066 haee
501 1001 612 1068 obiter.
656 1001 726 1064 Non
752 999 848 1086 igitur
872 996 1061 1064 videbantur
1087 1001 1233 1067 convivae

272 1103 392 1170 dedisse
422 1105 581 1191 portiones
608 1103 763 1190 aequales.
819 1101 901 1165 Dixit
927 1100 1132 1166 nihilominus
1161 1101 1234 1165 Sal-

270 1209 385 1275 masius
422 1205 602 1292 hujusmodi
644 1205 682 1269 ds
728 1203 884 1290 symbolis
919 1204 1096 1274 convivium
1137 1203 1231 1268 luisse

271 1317 377 1400 ἐράνου
399 1332 515 1398 genus3
537 1320 630 1395 atque
657 1309 701 1372 ita
725 1320 827 1390 recte3
850 1307 904 1373 sed
925 1310 1038 1374 vellem
1067 1329 1232 1394 nunquam

271 1414 426 1480 docuisset
442 1410 523 1476 illud
542 1411 582 1476 ab
604 1415 711 1496 ἐράνου
726 1412 863 1476 multum
883 1411 1072 1499 discrepare:
1094 1433 1231 1498 namque

271 1515 377 1579 omnia
391 1513 546 1596 convivia,
568 1534 649 1600 quae
671 1517 704 1578 ἐν
726 1519 844 1596 κοινοῦ,
866 1526 903 1578 ut
922 1517 966 1580 uit
983 1514 1152 1598 Hesiodus,
1175 1536 1233 1579 ce-
1279 1577 1284 1588 ,

270 1617 488 1700 lebrabautur,
511 1616 550 1680 ab
571 1617 739 1681 Homerico
764 1617 820 1682 illo
846 1618 986 1682 convivio
1009 1613 1143 1704 (ἐράνου)
1162 1626 1234 1679 sunt

270 1718 454 1808 repetenda,
487 1720 532 1784 ita
564 1729 600 1782 ut
633 1705 742 1804 postea
775 1721 881 1806 ἔρανος
912 1720 1083 1806 praecipue
1112 1715 1233 1784 audiret

272 1825 455 1890 convivium
480 1843 553 1886 coro
578 1820 694 1884 collato
714 1834 882 1908 paratum.

714 1925 742 2008 s.
767 1928 795 1988 5.

315 2029 401 2093 Haec
427 2041 531 2110 erant,
553 2047 635 2112 quae
660 2046 720 2089 rue
737 2023 942 2110 induxerunt,
964 2037 1000 2090 ut
1022 2005 1163 2088 convivio
1179 2021 1235 2085 illa
1326 2023 1337 2042 “·

272 2131 421 2196 solutiora
443 2152 464 2195 a
488 2129 637 2194 sodalitiis
662 2129 724 2194 sive
745 2129 886 2215 collegiis
905 2129 1130 2219 eranistarunr,
1153 2147 1253 2212 quae¹

272 2245 438 2318 vocantur,
470 2235 573 2300 aliena
608 2245 769 2320 putarem,
804 2255 879 2298 cum
911 2255 1018 2299 revera
1043 2231 1123 2296 nihil
1149 2227 1236 2294 aliud
1287 2255 1290 2260 ·

274 2349 375 2404 essent
404 2337 484 2402 haec
517 2337 665 2424 collegia,
699 2327 761 2401 nisi
784 2337 896 2424 prioris
918 2342 1025 2425 ἐράνου
1055 2329 1236 2400 celebrandi

275 2445 337 2509 sive
369 2439 508 2508 habendi
546 2441 641 2505 moris
674 2440 841 2526 persectio;
872 2440 916 2504 ita
954 2451 990 2505 ut
1028 2435 1114 2526 quod
1145 2445 1236 2498 autea

275 2547 340 2610 sine
371 2543 480 2610 ordine
504 2541 625 2606 lactum
661 2530 753 2626 esset,
778 2541 812 2606 id
834 2554 942 2629 postea
979 2553 1065 2608 certo
1098 2535 1235 2626 quodam

272 2645 398 2730 ordine,
421 2666 497 2708 cum
516 2645 551 2707 in
569 2643 776 2726 conserendo,
798 2655 867 2708 tum
885 2647 918 2709 in
936 2641 1145 2726 celebrando,
1167 2651 1236 2705 tum

273 2748 410 2833 denique
441 2747 475 2809 in
508 2747 594 2830 loco,
627 2746 682 2809 uhi
711 2746 924 2812 celebraretur
949 2747 1143 2830 convivium,
1167 2766 1236 2808 ser-

271 2861 356 2935 vato,
380 2850 549 2932 obtineret3
580 2871 679 2938 quum
703 2851 819 2915 scirent
844 2873 876 2916 se
905 2863 1045 2939 tempore
1075 2836 1237 2916 sacrorum

271 2973 336 3016 non
367 2951 407 3016 ad
431 2952 571 3016 convivia
599 2963 721 3017 tentum
753 2974 790 3016 ex
814 2955 976 3018 communi
1003 2955 1118 3020 collato
1146 2954 1234 3018 cele-

270 3052 390 3120 branda
410 3054 590 3138 convenire,
611 3076 721 3120 verum
746 3057 840 3120 etiam
865 3079 897 3120 se
921 3057 1019 3122 varias
1040 3078 1089 3120 res
1114 3055 1231 3121 habere

243 3197 244 3202 κ
272 3180 472 3243 communes,
492 3158 649 3223 bonorum
670 3161 891 3246 malorumque
915 3181 980 3226 esse
1002 3171 1177 3244 consortes,
1199 3170 1235 3222 ut

270 3261 366 3346 infra,
387 3261 446 3330 ubi
467 3259 506 3325 de
531 3260 617 3326 hisce
644 3261 785 3348 collegiis
810 3283 912 3327 sermo
944 3263 1018 3359 erit,
1041 3263 1235 3328 luculentius

272 3365 442 3453 apparebit.
487 3365 569 3428 Hinc
595 3385 722 3452 quoque
750 3379 870 3432 constat
895 3389 963 3453 eos,
997 3369 1052 3455 qui
1076 3367 1114 3432 do
1139 3390 1235 3455 aym-

273 3467 373 3554 lols'r,
405 3469 466 3532 sive
493 3469 554 3534 sind
581 3468 740 3557 συμβολῶν
767 3481 952 3555 coenarent,
976 3491 1141 3558 nunquam
1166 3476 1237 3558 epo.

272 3575 375 3648 νιοτάς
391 3571 411 3636 i.
424 3593 451 3636 e.
464 3570 591 3658 collegii
612 3570 792 3656 cujusdam,
809 3575 910 3636 “orani
929 3573 1057 3636 nomine
1078 3573 1234 3660 insigniti,

272 3675 440 3762 participes
473 3673 537 3739 dici
561 3675 712 3761 potuisse,
746 3695 810 3762 quo
834 3673 965 3739 ‘tandem
995 3673 1092 3738 modo
1118 3695 1235 3740 conso-

274 3781 456 3862 ciarentur,
481 3779 543 3846 sive
567 3778 718 3864 pecuniis,
742 3780 803 3844 sive
831 3781 926 3844 rebus
951 3780 1030 3866 ipsis¹
1059 3800 1177 3844 coenae
1204 3777 1238 3840 i-

275 3879 383 3944 doneis
416 3879 503 3944 datis.
547 3879 642 3961 Quod
667 3902 741 3945 cum
762 3879 831 3966 jum
860 3903 954 3968 supra
982 3881 1053 3946 satis
1082 3880 1236 3945 indicasse

273 4005 325 4048 me
354 3983 540 4069 existimem,
572 3999 727 4072 superest,
749 3997 786 4050 ut
819 3983 857 4049 de
885 3986 1032 4051 conviviis
1057 3986 1119 4050 illis
1145 3985 1235 4049 solu·-

275 4087 421 4173 tioribus,
454 4089 488 4153 in
519 4091 635 4178 quibus
659 4113 745 4157 nunc
778 4111 902 4176 sumus,
934 4091 1027 4177 plura
1059 4089 1238 4174 videamus,

276 4200 311 4253 ut
343 4211 417 4254 cunr
446 4191 500 4278 iis,
522 4203 672 4280 tanquam
697 4195 799 4281 fonte,
822 4192 907 4261 unde
934 4193 1040 4262 omnis
1065 4193 1151 4262 orani
1176 4213 1236 4278 ge-
