2904 4826
534 489 535 494 '
643 506 818 569 -cr-

290 691 362 780 Ipsi
396 690 534 776 denique
571 688 778 753 eranistarum
810 689 880 774 lege
915 689 1093 775 perspecti,
1121 688 1216 752 omui

245 797 286 862 de
306 794 461 872 societatis
483 789 654 856 concordii
674 801 810 856 constat:
832 792 1008 878 repellendi
1027 793 1112 858 enim
1126 804 1215 857 erant

246 903 311 988 illi,
335 901 391 989 qui
415 919 537 986 pugnas
561 896 734 982 turbasque
760 896 882 962 cierent
906 895 961 988 (vs
987 901 1040 962 40.
1062 895 1171 985 sqq)(
1192 894 1215 986 ).

681 1002 710 1088 ς.
737 1004 786 1066 16.

240 1149 241 1152 =
291 1111 333 1175 Ut
369 1118 509 1174 caeteros
544 1103 670 1191 collegii
704 1103 917 1189 administros,
945 1115 1053 1191 utpote
1078 1106 1219 1190 ἀρχιερα-

249 1218 349 1282 νεστοῦ
392 1210 521 1275 nomine
557 1218 699 1294 agentes,
735 1208 859 1272 silentio
891 1213 1141 1292 praetereamus,
1176 1205 1218 1269 de

250 1315 423 1382 eranarchd
453 1335 555 1401 pauca
580 1311 695 1377 addere
722 1313 828 1398 lubet,
861 1324 897 1377 ut
932 1314 1026 1377 simul
1056 1325 1220 1400 appareat,

250 1421 330 1508 quid
354 1419 570 1485 Artemidorus
599 1419 634 1482 iu
662 1417 792 1484 Somnio
813 1417 853 1482 de
875 1417 982 1504 Capite
1006 1415 1054 1506 (2)
1078 1419 1138 1482 sibi
1156 1439 1220 1484 ro-

251 1526 361 1610 luerit‚
393 1546 469 1590 cum
503 1522 635 1588 diceret:
666 1524 802 1608 μεγάλην
836 1526 917 1612 ἔχειν
954 1525 1054 1591 δοκεῖν
1084 1524 1219 1607 κεφαλὴν
1318 1519 1320 1526 ⁴

252 1633 374 1710 ἀγαθὸν
380 1671 459 1693 .....
493 1629 545 1691 καὶ
579 1627 738 1712 δανειστῇ,
768 1631 819 1692 καὶ
855 1629 1038 1717 τραπεζίτῃ,
1070 1633 1123 1694 καὶ
1151 1634 1223 1716 ἔρα-

251 1739 361 1821 νάρχῃ,
394 1743 425 1796 et
454 1731 550 1818 paulo
584 1721 667 1794 infra
698 1729 737 1793 de
769 1751 884 1818 magno
910 1733 1027 1818 capite;
1059 1734 1224 1821 τραπεζίτῃ

253 1839 286 1905 δὲ
309 1839 361 1903 sat
386 1837 546 1922 δανειστῇ,
569 1837 622 1900 ναὶ
645 1838 794 1922 ἐρανάρχῃ
805 1883 815 1916 ,
838 1834 967 1901 πλείονα
985 1841 1041 1918 τὴν
1064 1841 1127 1904 τῶν
1152 1863 1225 1924 χρη.

251 1944 356 2021 μάτων
388 1942 554 2023 συστροφὴν
586 1944 776 2018 μαντεύεται.
835 1937 907 2019 Quo
942 1938 1015 2001 loco
1052 1942 1221 2027 ἐρανάρχην

252 2039 370 2126 accipit
391 2037 545 2104 Heraldus
569 2035 610 2102 de
632 2059 686 2120 eo,
709 2037 765 2124 qui
787 2037 919 2123 stipibus
940 2028 1105 2124 erogandis
1124 2063 1225 2126 prae,-

253 2155 316 2228 est,
337 2144 382 2208 ita
401 2154 438 2207 ut
456 2139 506 2226 id,
529 2140 615 2229 quod
631 2139 844 2226 desideretur,
866 2139 907 2205 de
930 2163 987 2205 suo
1005 2143 1152 2228 suppleat
1167 2133 1246 2232 (3)..

172 2297 174 2302 s
255 2247 320 2312 Sed
339 2245 426 2313 haud
446 2248 511 2312 scio
533 2269 572 2312 an
595 2257 700 2312 recto:
722 2244 871 2333 equidem
896 2250 1063 2332 ἐρανάρχην
1085 2244 1124 2310 de
1149 2237 1226 2338 oot-

255 2349 332 2436 legii
355 2349 580 2415 eranistarum
619 2348 780 2434 praefecto
816 2348 1062 2435 intelligendum
1100 2367 1227 2416 censeo.

257 2451 412 2516 Pecuniae
436 2474 454 2517 a
479 2450 609 2516 Graecis
632 2450 782 2533 κεφάλαια
810 2449 875 2516 dici
906 2463 1015 2516 monet
1037 2451 1227 2517 Artemido-

170 2561 172 2566 ’
257 2575 327 2640 rus,
356 2575 434 2638 uec,
461 2564 498 2618 ut
523 2553 595 2617 satis
620 2553 713 2638 vulgo
739 2563 846 2617 notam
873 2574 956 2639 rem,
986 2565 1080 2640 negat
1105 2553 1229 2618 Herai-

258 2661 317 2726 dus
342 2657 407 2750 (4);
435 2665 600 2748 ἐρανάρχης
623 2657 735 2746 igitur,
764 2678 840 2723 cum
865 2658 960 2723 simui
986 2657 1113 2745 collegii
1135 2677 1228 2723 arcae

257 2767 429 2849 practsset,
461 2761 613 2849 pecunias
645 2771 827 2826 convertere
859 2781 987 2826 necesse
1011 2753 1162 2847 habebat,
1180 2769 1230 2827 'ut

258 2863 381 2928 scilicet
402 2885 452 2929 res
473 2885 591 2930 coenae
612 2863 802 2929 necessarias
823 2864 883 2928 sibi
909 2875 1122 2952 compararet3
1138 2851 1250 2954 -qua'e¹

188 3047 197 3054 .
259 2985 377 3052 quum,
401 2968 507 3053 prouti
530 2967 687 3032 mercium
712 2967 814 3058 pretia
837 2978 1014 3052 mutantur,
1037 2969 1113 3034 a'iias
1127 2991 1239 3056 mag--

259 3089 318 3154 uo,
349 3069 425 3136 alias
449 3092 547 3158 parvo
574 3083 770 3149 constarent,
802 3073 916 3139 merito
939 3067 1067 3160 sperare
1091 3083 1237 3159 poterat„

256 3173 340 3260 sore,
374 3187 410 3240 ut
442 3176 549 3242 faustis
579 3176 727 3263 auspiciis
751 3199 868 3241 munus
892 3177 1002 3259 iniret;
1031 3198 1111 3260 non,
1139 3175 1228 3262 quod

259 3273 299 3340 de
324 3297 381 3341 suo
402 3279 482 3365 quid
505 3280 652 3365 supplere
677 3289 852 3364 terreretur,
874 3278 929 3342 sed
953 3299 1017 3365 quo
1041 3277 1141 3365 magis
1166 3299 1229 3344 an-

259 3401 358 3446 nuam
381 3403 473 3450 suam
494 3384 690 3471 provinciam
715 3405 733 3447 e
757 3405 793 3447 re
818 3382 914 3447 totius
938 3381 1109 3465 societatis,
1134 3381 1226 3468 cujus

260 3483 327 3569 ipse
349 3487 506 3574 particeps
528 3498 610 3572 erat,
632 3485 872 3552 administraret.

304 3585 395 3668 Quae
438 3587 568 3676 quidem
588 3588 762 3653 sententia
799 3584 980 3652 confirmari
1020 3585 1136 3671 poterit
1174 3587 1229 3650 al-

260 3689 324 3754 lato
357 3690 420 3756 alio
452 3689 594 3776 ejusdem
629 3691 767 3758 auctoris
798 3691 885 3774 loco,
925 3687 983 3752 ubi
1017 3687 1140 3753 somnio
1157 3707 1230 3786 ¹co-

261 3865 621 3886 m

292 3955 333 4026 (1)
355 3955 409 4009 Pro
424 3956 519 4010 νεινῦν
537 3957 607 4010 enim
623 3975 663 4013 vs.
678 3958 723 4010 41.
739 3957 880 4026 legendum
897 3973 952 4009 esse
970 3954 1050 4008 αννῶν
1068 3971 1082 4007 e
1101 3971 1171 4008 nexu
1190 3955 1234 4007 ia·
1342 4009 1344 4012 .

258 4037 309 4089 cile
325 4037 478 4092 conficitur.
524 4040 566 4111 (2)
587 4037 751 4094 Oneirocrit.
772 4038 796 4092 1.
817 4040 859 4093 18.
896 4039 938 4109 (3)
959 4035 1025 4092 Vid.
1046 4037 1188 4096 Observtt.
1207 4047 1234 4092 et

258 4118 397 4258 ξριοιιάιι.
423 4121 456 4176 C.
479 4123 524 4176 n.
569 4124 611 4195 (i)
631 4123 710 4180 Goni.
737 4123 868 4193 Rigaltius
894 4121 928 4175 ad
956 4120 1121 4178 Artemidor.
1148 4123 1168 4175 l·
1195 4122 1233 4190 ln

297 4212 333 4258 ot.
352 4225 379 4276 p.
398 4208 425 4261 8.
