<?xml version="1.0" encoding="UTF-8"?>
<!DOCTYPE html PUBLIC "-//W3C//DTD XHTML 1.0 Transitional//EN"
    "http://www.w3.org/TR/xhtml1/DTD/xhtml1-transitional.dtd">
<html xmlns="http://www.w3.org/1999/xhtml" xml:lang="en" lang="en">
 <head>
  <title>
</title>
<meta http-equiv="Content-Type" content="text/html;charset=utf-8" />
  <meta name='ocr-system' content='tesseract 3.04.00' />
  <meta name='ocr-capabilities' content='ocr_page ocr_carea ocr_par ocr_line ocrx_word'/>
</head>
<body>
  <div class='ocr_page' id='page_1' title='image "./specimenantiqua00holsgoog_0100.png"; bbox 0 0 2904 4826; ppageno 0'>
   <div class='ocr_carea' id='block_1_1' title="bbox 690 404 866 469">
    <p class='ocr_par' dir='ltr' id='par_1_1' title="bbox 690 404 866 469">
     <span class='ocr_line' id='line_1_1' title="bbox 690 404 866 469; baseline 0.006 -18"><span class='ocrx_word' id='word_1_1' title='bbox 690 404 866 469; x_wconf 57' lang='lat'>..002-</span> 
     </span>
    </p>
   </div>
   <div class='ocr_carea' id='block_1_2' title="bbox 222 581 1279 2442">
    <p class='ocr_par' dir='ltr' id='par_1_2' title="bbox 222 581 1279 1096">
     <span class='ocr_line' id='line_1_2' title="bbox 222 581 1275 674; baseline 0.014 -23"><span class='ocrx_word' id='word_1_2' title='bbox 222 611 226 618; x_wconf 52' lang='lat'>*</span> <span class='ocrx_word' id='word_1_3' title='bbox 337 583 427 654; x_wconf 88' lang='lat' dir='ltr'><strong>llane</strong></span> <span class='ocrx_word' id='word_1_4' title='bbox 452 581 716 674; x_wconf 80' lang='lat' dir='ltr'><strong>significationem</strong></span> <span class='ocrx_word' id='word_1_5' title='bbox 735 583 820 652; x_wconf 81' lang='lat' dir='ltr'><strong>vocis</strong></span> <span class='ocrx_word' id='word_1_6' title='bbox 841 583 969 672; x_wconf 69' lang='grc' dir='ltr'><strong><em>σιέἐογὴ</em></strong></span> <span class='ocrx_word' id='word_1_7' title='bbox 993 588 1034 655; x_wconf 89' lang='lat' dir='ltr'><strong>oh</strong></span> <span class='ocrx_word' id='word_1_8' title='bbox 1055 595 1166 672; x_wconf 87' lang='lat' dir='ltr'><strong>oculos</strong></span> <span class='ocrx_word' id='word_1_9' title='bbox 1188 595 1275 664; x_wconf 78' lang='lat' dir='ltr'><strong>hu-</strong></span> 
     </span>
     <span class='ocr_line' id='line_1_3' title="bbox 292 683 1276 786; baseline 0.015 -32"><span class='ocrx_word' id='word_1_10' title='bbox 292 687 364 754; x_wconf 88' lang='lat' dir='ltr'><strong>huit</strong></span> <span class='ocrx_word' id='word_1_11' title='bbox 399 687 591 775; x_wconf 79' lang='lat' dir='ltr'><strong>&#39;lbeophilus</strong></span> <span class='ocrx_word' id='word_1_12' title='bbox 622 683 691 776; x_wconf 85' lang='grc'>(1),</span> <span class='ocrx_word' id='word_1_13' title='bbox 726 689 881 756; x_wconf 86' lang='lat' dir='ltr'><strong>scribens:</strong></span> <span class='ocrx_word' id='word_1_14' title='bbox 916 695 970 758; x_wconf 74' lang='lat' dir='ltr'><strong>eal</strong></span> <span class='ocrx_word' id='word_1_15' title='bbox 1000 697 1037 760; x_wconf 76' lang='lat' dir='ltr'><strong>al</strong></span> <span class='ocrx_word' id='word_1_16' title='bbox 1069 706 1123 766; x_wconf 82' lang='grc' dir='ltr'><strong>τοῦ</strong></span> <span class='ocrx_word' id='word_1_17' title='bbox 1158 700 1276 786; x_wconf 73' lang='grc' dir='ltr'><strong><em>δήμου</em></strong></span> 
     </span>
     <span class='ocr_line' id='line_1_4' title="bbox 291 793 1279 880; baseline 0.014 -20"><span class='ocrx_word' id='word_1_18' title='bbox 291 793 464 880; x_wconf 71' lang='grc' dir='ltr'><em>ἐκλήθησαν</em></span> <span class='ocrx_word' id='word_1_19' title='bbox 496 793 717 879; x_wconf 81' lang='grc' dir='ltr'><strong><em>οτιπενδιαρίαι</em></strong></span> <span class='ocrx_word' id='word_1_20' title='bbox 744 798 906 879; x_wconf 77' lang='grc' dir='ltr'><strong><em>ἐντεῦθεν,</em></strong></span> <span class='ocrx_word' id='word_1_21' title='bbox 933 800 982 866; x_wconf 83' lang='grc' dir='ltr'><strong>ὅτι</strong></span> <span class='ocrx_word' id='word_1_22' title='bbox 1003 803 1105 880; x_wconf 72' lang='lat' dir='ltr'><strong>orlata</strong></span> <span class='ocrx_word' id='word_1_23' title='bbox 1133 809 1220 874; x_wconf 79' lang='grc' dir='ltr'><strong><em>ἐστὶν</em></strong></span> <span class='ocrx_word' id='word_1_24' title='bbox 1249 811 1279 874; x_wconf 80' lang='lat' dir='ltr'><strong>o‘</strong></span> 
     </span>
     <span class='ocr_line' id='line_1_5' title="bbox 290 901 1270 998; baseline 0.01 -32"><span class='ocrx_word' id='word_1_25' title='bbox 290 901 417 986; x_wconf 67' lang='grc' dir='ltr'><strong><em>ἔρανος,</em></strong></span> <span class='ocrx_word' id='word_1_26' title='bbox 446 902 499 964; x_wconf 76' lang='lat' dir='ltr'><strong>eal</strong></span> <span class='ocrx_word' id='word_1_27' title='bbox 522 905 542 983; x_wconf 80' lang='grc' dir='ltr'><strong>η’</strong></span> <span class='ocrx_word' id='word_1_28' title='bbox 569 903 648 966; x_wconf 79' lang='grc' dir='ltr'><strong><em>κατὰ</em></strong></span> <span class='ocrx_word' id='word_1_29' title='bbox 667 904 775 987; x_wconf 73' lang='grc' dir='ltr'><strong><em>μικρὸν</em></strong></span> <span class='ocrx_word' id='word_1_30' title='bbox 798 905 942 990; x_wconf 73' lang='grc' dir='ltr'><strong>γινομένη</strong></span> <span class='ocrx_word' id='word_1_31' title='bbox 963 912 1015 973; x_wconf 79' lang='grc' dir='ltr'><strong>τοῦ</strong></span> <span class='ocrx_word' id='word_1_32' title='bbox 1037 909 1181 998; x_wconf 68' lang='grc' dir='ltr'><strong><em>α’ργορίοο</em></strong></span> <span class='ocrx_word' id='word_1_33' title='bbox 1200 915 1270 978; x_wconf 78' lang='grc' dir='ltr'><strong>καὶ</strong></span> 
     </span>
     <span class='ocr_line' id='line_1_6' title="bbox 289 1003 716 1096; baseline -0.009 -22"><span class='ocrx_word' id='word_1_34' title='bbox 289 1011 353 1076; x_wconf 82' lang='grc' dir='ltr'><strong><em>τῶν</em></strong></span> <span class='ocrx_word' id='word_1_35' title='bbox 373 1005 476 1074; x_wconf 70' lang='lat' dir='ltr'><strong>ultus</strong></span> <span class='ocrx_word' id='word_1_36' title='bbox 497 1005 636 1090; x_wconf 70' lang='lat' dir='ltr'><strong>oolloyrl.</strong></span> <span class='ocrx_word' id='word_1_37' title='bbox 659 1003 716 1096; x_wconf 85' lang='lat'><strong>(2).</strong></span> 
     </span>
    </p>

    <p class='ocr_par' dir='ltr' id='par_1_3' title="bbox 284 1209 1256 2442">
     <span class='ocr_line' id='line_1_7' title="bbox 333 1209 1256 1306; baseline 0.014 -31"><span class='ocrx_word' id='word_1_38' title='bbox 333 1211 443 1294; x_wconf 83' lang='lat' dir='ltr'><strong>Quum</strong></span> <span class='ocrx_word' id='word_1_39' title='bbox 476 1211 532 1277; x_wconf 88' lang='lat' dir='ltr'><strong>ille</strong></span> <span class='ocrx_word' id='word_1_40' title='bbox 566 1212 688 1299; x_wconf 71' lang='grc' dir='ltr'><strong><em>ἔρανος,</em></strong></span> <span class='ocrx_word' id='word_1_41' title='bbox 720 1209 779 1274; x_wconf 87' lang='lat' dir='ltr'><strong>uhi</strong></span> <span class='ocrx_word' id='word_1_42' title='bbox 812 1211 987 1300; x_wconf 74' lang='lat' dir='ltr'>colligitur,</span> <span class='ocrx_word' id='word_1_43' title='bbox 1023 1215 1117 1283; x_wconf 82' lang='lat' dir='ltr'><strong>facile</strong></span> <span class='ocrx_word' id='word_1_44' title='bbox 1152 1223 1256 1306; x_wconf 77' lang='lat' dir='ltr'><strong>possit</strong></span> 
     </span>
     <span class='ocr_line' id='line_1_8' title="bbox 288 1311 1256 1404; baseline 0.017 -27"><span class='ocrx_word' id='word_1_45' title='bbox 288 1311 387 1378; x_wconf 83' lang='lat' dir='ltr'><strong>videri</strong></span> <span class='ocrx_word' id='word_1_46' title='bbox 411 1313 606 1399; x_wconf 68' lang='grc' dir='ltr'><strong><em>ἐέεημοοιίνηο</em></strong></span> <span class='ocrx_word' id='word_1_47' title='bbox 628 1313 745 1378; x_wconf 88' lang='lat' dir='ltr'><strong>referre</strong></span> <span class='ocrx_word' id='word_1_48' title='bbox 769 1314 925 1402; x_wconf 86' lang='lat' dir='ltr'><strong>speciem,</strong></span> <span class='ocrx_word' id='word_1_49' title='bbox 946 1322 1129 1404; x_wconf 88' lang='lat' dir='ltr'><strong>praesertim</strong></span> <span class='ocrx_word' id='word_1_50' title='bbox 1153 1325 1256 1393; x_wconf 87' lang='lat' dir='ltr'><strong>siliut</strong></span> 
     </span>
     <span class='ocr_line' id='line_1_9' title="bbox 288 1415 1256 1507; baseline 0.002 -27"><span class='ocrx_word' id='word_1_51' title='bbox 288 1415 436 1482; x_wconf 80' lang='lat' dir='ltr'><strong>collectio</strong></span> <span class='ocrx_word' id='word_1_52' title='bbox 459 1416 495 1480; x_wconf 86' lang='lat' dir='ltr'><strong>iu</strong></span> <span class='ocrx_word' id='word_1_53' title='bbox 515 1416 581 1501; x_wconf 87' lang='lat' dir='ltr'><strong>ria,</strong></span> <span class='ocrx_word' id='word_1_54' title='bbox 604 1415 786 1502; x_wconf 85' lang='lat' dir='ltr'><strong>accepimus</strong></span> <span class='ocrx_word' id='word_1_55' title='bbox 807 1415 929 1482; x_wconf 84' lang='lat' dir='ltr'><strong>idcirco</strong></span> <span class='ocrx_word' id='word_1_56' title='bbox 949 1422 1059 1507; x_wconf 73' lang='grc' dir='ltr'><strong><em>ἔρανον</em></strong></span> <span class='ocrx_word' id='word_1_57' title='bbox 1082 1447 1148 1492; x_wconf 80' lang='lat' dir='ltr'><strong>non</strong></span> <span class='ocrx_word' id='word_1_58' title='bbox 1173 1451 1256 1496; x_wconf 68' lang='lat' dir='ltr'><strong>em-</strong></span> 
     </span>
     <span class='ocr_line' id='line_1_10' title="bbox 287 1517 1250 1607; baseline 0.016 -24"><span class='ocrx_word' id='word_1_59' title='bbox 287 1518 354 1607; x_wconf 80' lang='lat' dir='ltr'><strong>gari</strong></span> <span class='ocrx_word' id='word_1_60' title='bbox 389 1517 518 1583; x_wconf 86' lang='lat' dir='ltr'><strong>solitum</strong></span> <span class='ocrx_word' id='word_1_61' title='bbox 550 1517 612 1582; x_wconf 91' lang='lat' dir='ltr'><strong>nisi</strong></span> <span class='ocrx_word' id='word_1_62' title='bbox 640 1517 724 1582; x_wconf 91' lang='lat' dir='ltr'><strong>inter</strong></span> <span class='ocrx_word' id='word_1_63' title='bbox 753 1517 888 1604; x_wconf 86' lang='lat' dir='ltr'><strong>amicos,</strong></span> <span class='ocrx_word' id='word_1_64' title='bbox 924 1521 968 1588; x_wconf 85' lang='lat' dir='ltr'><strong>ita</strong></span> <span class='ocrx_word' id='word_1_65' title='bbox 996 1536 1033 1590; x_wconf 85' lang='lat' dir='ltr'><strong>ut</strong></span> <span class='ocrx_word' id='word_1_66' title='bbox 1062 1529 1184 1595; x_wconf 88' lang='lat' dir='ltr'><strong>amicus</strong></span> <span class='ocrx_word' id='word_1_67' title='bbox 1208 1533 1250 1597; x_wconf 84' lang='lat' dir='ltr'><strong>nh</strong></span> 
     </span>
     <span class='ocr_line' id='line_1_11' title="bbox 287 1620 1252 1708; baseline 0.012 -20"><span class='ocrx_word' id='word_1_68' title='bbox 287 1622 391 1688; x_wconf 85' lang='lat' dir='ltr'><strong>amieo</strong></span> <span class='ocrx_word' id='word_1_69' title='bbox 424 1621 473 1688; x_wconf 82' lang='lat' dir='ltr'><strong>rix</strong></span> <span class='ocrx_word' id='word_1_70' title='bbox 500 1631 602 1707; x_wconf 86' lang='lat' dir='ltr'><strong>posset</strong></span> <span class='ocrx_word' id='word_1_71' title='bbox 628 1620 789 1707; x_wconf 87' lang='lat' dir='ltr'><strong>repulsam</strong></span> <span class='ocrx_word' id='word_1_72' title='bbox 818 1620 916 1708; x_wconf 85' lang='lat' dir='ltr'><strong>lerre,</strong></span> <span class='ocrx_word' id='word_1_73' title='bbox 947 1626 1008 1692; x_wconf 90' lang='lat' dir='ltr'><strong>nisi</strong></span> <span class='ocrx_word' id='word_1_74' title='bbox 1030 1629 1191 1698; x_wconf 87' lang='lat' dir='ltr'><strong>incidisset</strong></span> <span class='ocrx_word' id='word_1_75' title='bbox 1214 1633 1252 1700; x_wconf 90' lang='lat' dir='ltr'><strong>in</strong></span> 
     </span>
     <span class='ocr_line' id='line_1_12' title="bbox 287 1725 1247 1821; baseline 0.015 -30"><span class='ocrx_word' id='word_1_76' title='bbox 287 1725 428 1792; x_wconf 89' lang='lat' dir='ltr'><strong>amioum</strong></span> <span class='ocrx_word' id='word_1_77' title='bbox 457 1725 663 1812; x_wconf 79' lang='lat' dir='ltr'>illiberalem,</span> <span class='ocrx_word' id='word_1_78' title='bbox 697 1726 825 1814; x_wconf 83' lang='lat' dir='ltr'><strong>qualem</strong></span> <span class='ocrx_word' id='word_1_79' title='bbox 855 1729 982 1814; x_wconf 79' lang='lat' dir='ltr'><strong>exponit</strong></span> <span class='ocrx_word' id='word_1_80' title='bbox 1004 1731 1247 1821; x_wconf 77' lang='lat' dir='ltr'><strong>Theophrastus:</strong></span> 
     </span>
     <span class='ocr_line' id='line_1_13' title="bbox 286 1828 1253 1922; baseline 0.005 -23"><span class='ocrx_word' id='word_1_81' title='bbox 286 1835 339 1899; x_wconf 79' lang='lat' dir='ltr'><strong>saal</strong></span> <span class='ocrx_word' id='word_1_82' title='bbox 375 1831 466 1916; x_wconf 77' lang='grc' dir='ltr'><strong><em>φίλου</em></strong></span> <span class='ocrx_word' id='word_1_83' title='bbox 507 1833 617 1917; x_wconf 73' lang='grc' dir='ltr'><strong><em>ἔρανον</em></strong></span> <span class='ocrx_word' id='word_1_84' title='bbox 653 1828 850 1916; x_wconf 67' lang='lat' dir='ltr'><strong>schurovem</strong></span> <span class='ocrx_word' id='word_1_85' title='bbox 879 1833 1074 1918; x_wconf 71' lang='grc' dir='ltr'><strong><em>προίδόμενος</em></strong></span> <span class='ocrx_word' id='word_1_86' title='bbox 1111 1839 1253 1922; x_wconf 71' lang='grc' dir='ltr'><strong><em>ἀποκάμ-</em></strong></span> 
     </span>
     <span class='ocr_line' id='line_1_14' title="bbox 284 1933 1249 2026; baseline 0.007 -24"><span class='ocrx_word' id='word_1_87' title='bbox 284 1954 351 2021; x_wconf 75' lang='grc' dir='ltr'><strong>ψας</strong></span> <span class='ocrx_word' id='word_1_88' title='bbox 377 1941 411 2004; x_wconf 86' lang='grc' dir='ltr'><strong><em>ἐν</em></strong></span> <span class='ocrx_word' id='word_1_89' title='bbox 433 1941 487 2020; x_wconf 69' lang='grc' dir='ltr'><strong>τῆς</strong></span> <span class='ocrx_word' id='word_1_90' title='bbox 507 1935 578 2003; x_wconf 75' lang='grc' dir='ltr'><strong>ὁδοῦ</strong></span> <span class='ocrx_word' id='word_1_91' title='bbox 599 1935 702 2002; x_wconf 70' lang='grc' dir='ltr'><strong><em>οἴκαδε</em></strong></span> <span class='ocrx_word' id='word_1_92' title='bbox 739 1941 926 2022; x_wconf 74' lang='grc' dir='ltr'><strong><em>πορευθῆναι</em></strong></span> <span class='ocrx_word' id='word_1_93' title='bbox 958 1933 1016 2026; x_wconf 85' lang='grc'>(3).</span> <span class='ocrx_word' id='word_1_94' title='bbox 1060 1939 1146 2021; x_wconf 90' lang='lat' dir='ltr'>Quid</span> <span class='ocrx_word' id='word_1_95' title='bbox 1165 1943 1249 2008; x_wconf 89' lang='lat' dir='ltr'><strong>enim</strong></span> 
     </span>
     <span class='ocr_line' id='line_1_15' title="bbox 286 2038 1251 2134; baseline 0.009 -30"><span class='ocrx_word' id='word_1_96' title='bbox 286 2038 473 2104; x_wconf 86' lang='lat' dir='ltr'><strong>illiberalius</strong></span> <span class='ocrx_word' id='word_1_97' title='bbox 506 2039 610 2103; x_wconf 87' lang='lat' dir='ltr'><strong>amieo</strong></span> <span class='ocrx_word' id='word_1_98' title='bbox 644 2057 814 2103; x_wconf 87' lang='lat' dir='ltr'><strong>occursum</strong></span> <span class='ocrx_word' id='word_1_99' title='bbox 848 2038 981 2105; x_wconf 78' lang='lat' dir='ltr'><strong>evitante</strong></span> <span class='ocrx_word' id='word_1_100' title='bbox 1016 2043 1111 2108; x_wconf 88' lang='lat' dir='ltr'><strong>amici</strong></span> <span class='ocrx_word' id='word_1_101' title='bbox 1142 2046 1251 2134; x_wconf 74' lang='grc' dir='ltr'><strong><em>ἔρανον</em></strong></span> 
     </span>
     <span class='ocr_line' id='line_1_16' title="bbox 287 2140 1250 2232; baseline 0.005 -24"><span class='ocrx_word' id='word_1_102' title='bbox 287 2140 448 2232; x_wconf 82' lang='lat' dir='ltr'><strong>rogantis?</strong></span> <span class='ocrx_word' id='word_1_103' title='bbox 492 2142 576 2208; x_wconf 86' lang='lat' dir='ltr'><strong>llino</strong></span> <span class='ocrx_word' id='word_1_104' title='bbox 607 2143 695 2226; x_wconf 86' lang='lat' dir='ltr'><strong>satis,</strong></span> <span class='ocrx_word' id='word_1_105' title='bbox 724 2141 850 2228; x_wconf 82' lang='lat' dir='ltr'><strong>opinor,</strong></span> <span class='ocrx_word' id='word_1_106' title='bbox 878 2143 1024 2208; x_wconf 78' lang='lat' dir='ltr'><strong>clarescit</strong></span> <span class='ocrx_word' id='word_1_107' title='bbox 1043 2147 1153 2232; x_wconf 73' lang='lat' dir='ltr'><strong>tharas</strong></span> <span class='ocrx_word' id='word_1_108' title='bbox 1175 2150 1250 2214; x_wconf 80' lang='lat' dir='ltr'><strong>eol-</strong></span> 
     </span>
     <span class='ocr_line' id='line_1_17' title="bbox 287 2246 1251 2340; baseline 0.004 -26"><span class='ocrx_word' id='word_1_109' title='bbox 287 2249 421 2337; x_wconf 84' lang='lat' dir='ltr'><strong>ligentes</strong></span> <span class='ocrx_word' id='word_1_110' title='bbox 447 2270 551 2338; x_wconf 86' lang='lat' dir='ltr'><strong>neque</strong></span> <span class='ocrx_word' id='word_1_111' title='bbox 579 2246 720 2336; x_wconf 82' lang='lat' dir='ltr'><strong>quemvis</strong></span> <span class='ocrx_word' id='word_1_112' title='bbox 745 2246 940 2332; x_wconf 88' lang='lat' dir='ltr'><strong>convenisse,</strong></span> <span class='ocrx_word' id='word_1_113' title='bbox 967 2268 1072 2337; x_wconf 87' lang='lat' dir='ltr'><strong>neque</strong></span> <span class='ocrx_word' id='word_1_114' title='bbox 1097 2251 1251 2340; x_wconf 88' lang='lat' dir='ltr'><strong>cujusque</strong></span> 
     </span>
     <span class='ocr_line' id='line_1_18' title="bbox 288 2350 1250 2442; baseline 0.002 -22"><span class='ocrx_word' id='word_1_115' title='bbox 288 2353 399 2420; x_wconf 85' lang='lat' dir='ltr'><strong>rlomos</strong></span> <span class='ocrx_word' id='word_1_116' title='bbox 426 2351 552 2438; x_wconf 78' lang='lat' dir='ltr'><strong>adiisse,</strong></span> <span class='ocrx_word' id='word_1_117' title='bbox 588 2351 686 2418; x_wconf 82' lang='lat' dir='ltr'><strong>relnti</strong></span> <span class='ocrx_word' id='word_1_118' title='bbox 710 2350 882 2416; x_wconf 88' lang='lat' dir='ltr'><strong>mendicos.</strong></span> <span class='ocrx_word' id='word_1_119' title='bbox 928 2351 1022 2434; x_wconf 88' lang='lat' dir='ltr'><strong>Quod</strong></span> <span class='ocrx_word' id='word_1_120' title='bbox 1050 2375 1151 2442; x_wconf 89' lang='lat' dir='ltr'><strong>quum</strong></span> <span class='ocrx_word' id='word_1_121' title='bbox 1179 2357 1250 2422; x_wconf 87' lang='lat' dir='ltr'><strong>soi-</strong></span> 
     </span>
    </p>
   </div>
   <div class='ocr_carea' id='block_1_3' title="bbox 171 2439 1251 2544">
    <p class='ocr_par' dir='ltr' id='par_1_4' title="bbox 171 2439 1251 2544">
     <span class='ocr_line' id='line_1_19' title="bbox 171 2439 1251 2544; baseline -0.002 -18"><span class='ocrx_word' id='word_1_122' title='bbox 171 2439 178 2454; x_wconf 52' lang='grc'><em>’</em></span> <span class='ocrx_word' id='word_1_123' title='bbox 285 2470 336 2524; x_wconf 91' lang='lat' dir='ltr'><strong>ret</strong></span> <span class='ocrx_word' id='word_1_124' title='bbox 358 2459 414 2524; x_wconf 89' lang='lat' dir='ltr'><strong>ille</strong></span> <span class='ocrx_word' id='word_1_125' title='bbox 442 2454 619 2540; x_wconf 87' lang='lat' dir='ltr'><strong>illiberalis,</strong></span> <span class='ocrx_word' id='word_1_126' title='bbox 641 2475 659 2519; x_wconf 93' lang='lat' dir='ltr'><strong>e</strong></span> <span class='ocrx_word' id='word_1_127' title='bbox 683 2454 857 2541; x_wconf 83' lang='lat' dir='ltr'><strong>longinquo</strong></span> <span class='ocrx_word' id='word_1_128' title='bbox 877 2453 985 2520; x_wconf 86' lang='lat' dir='ltr'><strong>ridens</strong></span> <span class='ocrx_word' id='word_1_129' title='bbox 1006 2457 1146 2522; x_wconf 84' lang='lat' dir='ltr'><strong>amioum</strong></span> <span class='ocrx_word' id='word_1_130' title='bbox 1166 2479 1251 2544; x_wconf 88' lang='lat' dir='ltr'><strong>pau-</strong></span> 
     </span>
    </p>
   </div>
   <div class='ocr_carea' id='block_1_4' title="bbox 284 2555 1252 3168">
    <p class='ocr_par' dir='ltr' id='par_1_5' title="bbox 284 2555 1252 3168">
     <span class='ocr_line' id='line_1_20' title="bbox 285 2555 1249 2648; baseline -0.001 -22"><span class='ocrx_word' id='word_1_131' title='bbox 285 2571 407 2648; x_wconf 87' lang='lat' dir='ltr'><strong>pertate</strong></span> <span class='ocrx_word' id='word_1_132' title='bbox 455 2557 607 2624; x_wconf 85' lang='lat' dir='ltr'><strong>afflictum</strong></span> <span class='ocrx_word' id='word_1_133' title='bbox 655 2555 786 2642; x_wconf 88' lang='lat' dir='ltr'><strong>ejusque</strong></span> <span class='ocrx_word' id='word_1_134' title='bbox 826 2575 954 2642; x_wconf 90' lang='lat' dir='ltr'><strong>operam</strong></span> <span class='ocrx_word' id='word_1_135' title='bbox 990 2555 1249 2646; x_wconf 80' lang='lat' dir='ltr'><strong>imploraturum,</strong></span> 
     </span>
     <span class='ocr_line' id='line_1_21' title="bbox 286 2655 1252 2748; baseline -0.001 -21"><span class='ocrx_word' id='word_1_136' title='bbox 286 2661 514 2728; x_wconf 86' lang='lat' dir='ltr'><strong>deflectebatur</strong></span> <span class='ocrx_word' id='word_1_137' title='bbox 538 2659 577 2724; x_wconf 91' lang='lat' dir='ltr'><strong>de</strong></span> <span class='ocrx_word' id='word_1_138' title='bbox 600 2657 667 2742; x_wconf 75' lang='lat' dir='ltr'><strong>rio,</strong></span> <span class='ocrx_word' id='word_1_139' title='bbox 697 2655 828 2722; x_wconf 86' lang='lat' dir='ltr'><strong>domum</strong></span> <span class='ocrx_word' id='word_1_140' title='bbox 855 2668 965 2744; x_wconf 89' lang='lat' dir='ltr'><strong>petens</strong></span> <span class='ocrx_word' id='word_1_141' title='bbox 988 2681 1178 2748; x_wconf 75' lang='lat' dir='ltr'><strong>speransque</strong></span> <span class='ocrx_word' id='word_1_142' title='bbox 1206 2661 1252 2726; x_wconf 88' lang='lat' dir='ltr'><strong>ita</strong></span> 
     </span>
     <span class='ocr_line' id='line_1_22' title="bbox 284 2745 1251 2852; baseline -0.003 -20"><span class='ocrx_word' id='word_1_143' title='bbox 284 2767 369 2852; x_wconf 82' lang='lat' dir='ltr'><strong>iore,</strong></span> <span class='ocrx_word' id='word_1_144' title='bbox 401 2777 438 2831; x_wconf 89' lang='lat' dir='ltr'><strong>nt</strong></span> <span class='ocrx_word' id='word_1_145' title='bbox 472 2764 592 2831; x_wconf 86' lang='lat' dir='ltr'><strong>amicus</strong></span> <span class='ocrx_word' id='word_1_146' title='bbox 626 2783 744 2850; x_wconf 87' lang='lat' dir='ltr'><strong>egenus</strong></span> <span class='ocrx_word' id='word_1_147' title='bbox 776 2761 843 2848; x_wconf 89' lang='lat' dir='ltr'><strong>ipsi</strong></span> <span class='ocrx_word' id='word_1_148' title='bbox 875 2745 942 2828; x_wconf 83' lang='lat' dir='ltr'><strong>non</strong></span> <span class='ocrx_word' id='word_1_149' title='bbox 975 2764 1110 2851; x_wconf 86' lang='lat' dir='ltr'><strong>amplius</strong></span> <span class='ocrx_word' id='word_1_150' title='bbox 1145 2765 1251 2829; x_wconf 90' lang='lat' dir='ltr'><strong>mole-</strong></span> 
     </span>
     <span class='ocr_line' id='line_1_23' title="bbox 288 2865 1249 2939; baseline -0.007 0"><span class='ocrx_word' id='word_1_151' title='bbox 288 2882 353 2939; x_wconf 87' lang='lat' dir='ltr'><strong>stus</strong></span> <span class='ocrx_word' id='word_1_152' title='bbox 376 2880 468 2936; x_wconf 87' lang='lat' dir='ltr'><strong>esset:</strong></span> <span class='ocrx_word' id='word_1_153' title='bbox 492 2869 681 2934; x_wconf 81' lang='lat' dir='ltr'><strong>illiberalem</strong></span> <span class='ocrx_word' id='word_1_154' title='bbox 703 2867 797 2934; x_wconf 89' lang='lat' dir='ltr'><strong>illum</strong></span> <span class='ocrx_word' id='word_1_155' title='bbox 820 2865 982 2934; x_wconf 89' lang='lat' dir='ltr'><strong>hominem</strong></span> <span class='ocrx_word' id='word_1_156' title='bbox 998 2867 1037 2934; x_wconf 89' lang='lat' dir='ltr'><strong>de</strong></span> <span class='ocrx_word' id='word_1_157' title='bbox 1052 2879 1134 2933; x_wconf 84' lang='lat' dir='ltr'><strong>statu</strong></span> <span class='ocrx_word' id='word_1_158' title='bbox 1153 2867 1249 2934; x_wconf 87' lang='lat' dir='ltr'><strong>amici</strong></span> 
     </span>
     <span class='ocr_line' id='line_1_24' title="bbox 285 2959 1250 3060; baseline -0.007 -16"><span class='ocrx_word' id='word_1_159' title='bbox 285 2976 413 3044; x_wconf 78' lang='lat' dir='ltr'><strong>adverso</strong></span> <span class='ocrx_word' id='word_1_160' title='bbox 435 2974 500 3060; x_wconf 89' lang='lat' dir='ltr'><strong>jam</strong></span> <span class='ocrx_word' id='word_1_161' title='bbox 527 2974 693 3040; x_wconf 87' lang='lat' dir='ltr'><strong>certiorem</strong></span> <span class='ocrx_word' id='word_1_162' title='bbox 717 2973 811 3039; x_wconf 86' lang='lat' dir='ltr'><strong>luisse</strong></span> <span class='ocrx_word' id='word_1_163' title='bbox 834 2959 971 3060; x_wconf 72' lang='lat' dir='ltr'><strong>laetum,</strong></span> <span class='ocrx_word' id='word_1_164' title='bbox 998 2974 1148 3060; x_wconf 82' lang='lat' dir='ltr'><strong>colligere</strong></span> <span class='ocrx_word' id='word_1_165' title='bbox 1173 2973 1250 3038; x_wconf 85' lang='lat' dir='ltr'><strong>licet</strong></span> 
     </span>
     <span class='ocr_line' id='line_1_25' title="bbox 284 3076 1249 3168; baseline -0.008 -20"><span class='ocrx_word' id='word_1_166' title='bbox 284 3103 323 3148; x_wconf 82' lang='lat' dir='ltr'><strong>ex</strong></span> <span class='ocrx_word' id='word_1_167' title='bbox 352 3079 562 3168; x_wconf 66' lang='lat' dir='ltr'><strong>npothdpsroer</strong></span> <span class='ocrx_word' id='word_1_168' title='bbox 581 3077 692 3164; x_wconf 85' lang='lat' dir='ltr'><strong>hujus</strong></span> <span class='ocrx_word' id='word_1_169' title='bbox 727 3079 813 3144; x_wconf 90' lang='lat' dir='ltr'><strong>enim</strong></span> <span class='ocrx_word' id='word_1_170' title='bbox 838 3080 927 3146; x_wconf 82' lang='lat' dir='ltr'><strong>verbi</strong></span> <span class='ocrx_word' id='word_1_171' title='bbox 957 3099 1027 3146; x_wconf 85' lang='lat' dir='ltr'><strong>eam</strong></span> <span class='ocrx_word' id='word_1_172' title='bbox 1057 3076 1151 3144; x_wconf 88' lang='lat' dir='ltr'><strong>oredo</strong></span> <span class='ocrx_word' id='word_1_173' title='bbox 1182 3096 1249 3141; x_wconf 91' lang='lat' dir='ltr'><strong>esse</strong></span> 
     </span>
    </p>
   </div>
   <div class='ocr_carea' id='block_1_5' title="bbox 314 3286 1379 3377">
    <p class='ocr_par' dir='ltr' id='par_1_6' title="bbox 314 3286 1379 3377">
     <span class='ocr_line' id='line_1_26' title="bbox 314 3286 1379 3377; baseline -0.006 -18"><span class='ocrx_word' id='word_1_174' title='bbox 314 3307 355 3377; x_wconf 84' lang='lat'><strong>(1)</strong></span> <span class='ocrx_word' id='word_1_175' title='bbox 378 3305 422 3358; x_wconf 82' lang='lat' dir='ltr'><strong>rr</strong></span> <span class='ocrx_word' id='word_1_176' title='bbox 433 3305 575 3358; x_wconf 61' lang='lat' dir='ltr'><strong>surenam</strong></span> <span class='ocrx_word' id='word_1_177' title='bbox 592 3302 680 3356; x_wconf 72' lang='lat' dir='ltr'><strong>usur.</strong></span> <span class='ocrx_word' id='word_1_178' title='bbox 694 3301 728 3356; x_wconf 82' lang='lat' dir='ltr'><strong>n.</strong></span> <span class='ocrx_word' id='word_1_179' title='bbox 740 3301 781 3356; x_wconf 89' lang='lat'><strong>11.</strong></span> <span class='ocrx_word' id='word_1_180' title='bbox 790 3301 847 3356; x_wconf 79' lang='lat' dir='ltr'><strong>nn.</strong></span> <span class='ocrx_word' id='word_1_181' title='bbox 865 3303 899 3357; x_wconf 67' lang='lat' dir='ltr'><strong>se</strong></span> <span class='ocrx_word' id='word_1_182' title='bbox 918 3321 1008 3357; x_wconf 69' lang='lat' dir='ltr'><strong>rerum</strong></span> <span class='ocrx_word' id='word_1_183' title='bbox 1024 3286 1163 3359; x_wconf 68' lang='lat' dir='ltr'><strong>ovilione.</strong></span> <span class='ocrx_word' id='word_1_184' title='bbox 1174 3300 1254 3368; x_wconf 73' lang='lat' dir='ltr'><strong>aso.</strong></span> <span class='ocrx_word' id='word_1_185' title='bbox 1370 3349 1379 3370; x_wconf 62' lang='grc'>,</span> 
     </span>
    </p>
   </div>
   <div class='ocr_carea' id='block_1_6' title="bbox 280 3385 1253 3458">
    <p class='ocr_par' dir='ltr' id='par_1_7' title="bbox 280 3385 1253 3458">
     <span class='ocr_line' id='line_1_27' title="bbox 280 3385 1253 3458; baseline -0.003 -19"><span class='ocrx_word' id='word_1_186' title='bbox 280 3389 321 3458; x_wconf 82' lang='lat'><strong>(2)</strong></span> <span class='ocrx_word' id='word_1_187' title='bbox 352 3386 398 3441; x_wconf 83' lang='lat' dir='ltr'><strong>sie</strong></span> <span class='ocrx_word' id='word_1_188' title='bbox 422 3385 571 3458; x_wconf 82' lang='lat' dir='ltr'><strong>Hesychius</strong></span> <span class='ocrx_word' id='word_1_189' title='bbox 596 3387 706 3455; x_wconf 81' lang='lat' dir='ltr'><strong>exponit</strong></span> <span class='ocrx_word' id='word_1_190' title='bbox 729 3388 899 3456; x_wconf 70' lang='grc' dir='ltr'><strong><em>ἐρανίζεται·</em></strong></span> <span class='ocrx_word' id='word_1_191' title='bbox 923 3387 1049 3454; x_wconf 70' lang='grc' dir='ltr'><strong><em>συλλέγει</em></strong></span> <span class='ocrx_word' id='word_1_192' title='bbox 1070 3385 1204 3457; x_wconf 79' lang='grc' dir='ltr'><strong><em>(ἔρανον).</em></strong></span> <span class='ocrx_word' id='word_1_193' title='bbox 1217 3410 1253 3428; x_wconf 87' lang='lat'><strong>·-·</strong></span> 
     </span>
    </p>
   </div>
   <div class='ocr_carea' id='block_1_7' title="bbox 150 3467 1252 3540">
    <p class='ocr_par' dir='ltr' id='par_1_8' title="bbox 150 3467 1252 3540">
     <span class='ocr_line' id='line_1_28' title="bbox 150 3467 1252 3540; baseline -0.002 -20"><span class='ocrx_word' id='word_1_194' title='bbox 150 3515 152 3520; x_wconf 93' lang='lat'><em>.</em></span> <span class='ocrx_word' id='word_1_195' title='bbox 208 3535 211 3540; x_wconf 84' lang='lat'><em>.</em></span> <span class='ocrx_word' id='word_1_196' title='bbox 279 3468 394 3526; x_wconf 89' lang='lat' dir='ltr'><strong>Photins</strong></span> <span class='ocrx_word' id='word_1_197' title='bbox 412 3470 441 3522; x_wconf 92' lang='lat' dir='ltr'><strong>in</strong></span> <span class='ocrx_word' id='word_1_198' title='bbox 458 3468 552 3522; x_wconf 83' lang='lat' dir='ltr'><strong>Lexic.</strong></span> <span class='ocrx_word' id='word_1_199' title='bbox 570 3467 632 3522; x_wconf 84' lang='lat' dir='ltr'><strong>MS.</strong></span> <span class='ocrx_word' id='word_1_200' title='bbox 656 3470 816 3540; x_wconf 73' lang='grc' dir='ltr'><strong><em>ἐρανίζεται</em></strong></span> <span class='ocrx_word' id='word_1_201' title='bbox 834 3471 950 3540; x_wconf 86' lang='lat' dir='ltr'><strong>explicat</strong></span> <span class='ocrx_word' id='word_1_202' title='bbox 965 3471 996 3520; x_wconf 79' lang='grc' dir='ltr'><strong><em>τέ</em></strong></span> <span class='ocrx_word' id='word_1_203' title='bbox 1014 3470 1115 3534; x_wconf 75' lang='grc' dir='ltr'><strong><em>λαβεῖν</em></strong></span> <span class='ocrx_word' id='word_1_204' title='bbox 1133 3467 1252 3538; x_wconf 80' lang='grc' dir='ltr'><strong><em>ἔρανον,</em></strong></span> 
     </span>
    </p>
   </div>
   <div class='ocr_carea' id='block_1_8' title="bbox 222 3544 1256 4197">
    <p class='ocr_par' dir='ltr' id='par_1_9' title="bbox 222 3544 1256 4197">
     <span class='ocr_line' id='line_1_29' title="bbox 278 3544 1251 3622; baseline -0.011 -13"><span class='ocrx_word' id='word_1_205' title='bbox 278 3555 437 3622; x_wconf 57' lang='lat' dir='ltr'><strong>omittite·</strong></span> <span class='ocrx_word' id='word_1_206' title='bbox 454 3553 530 3622; x_wconf 81' lang='grc' dir='ltr'><strong><em>παρὰ</em></strong></span> <span class='ocrx_word' id='word_1_207' title='bbox 545 3551 627 3610; x_wconf 79' lang='grc' dir='ltr'><strong><em>τινός.</em></strong></span> <span class='ocrx_word' id='word_1_208' title='bbox 664 3549 743 3603; x_wconf 87' lang='lat' dir='ltr'><strong>Conf.</strong></span> <span class='ocrx_word' id='word_1_209' title='bbox 772 3551 921 3606; x_wconf 84' lang='lat' dir='ltr'><strong>Casauhon.</strong></span> <span class='ocrx_word' id='word_1_210' title='bbox 946 3553 981 3605; x_wconf 87' lang='lat' dir='ltr'><strong>ad</strong></span> <span class='ocrx_word' id='word_1_211' title='bbox 1006 3547 1146 3620; x_wconf 85' lang='lat' dir='ltr'><strong>Theophr.</strong></span> <span class='ocrx_word' id='word_1_212' title='bbox 1168 3544 1251 3599; x_wconf 85' lang='lat' dir='ltr'><strong>Char.</strong></span> 
     </span>
     <span class='ocr_line' id='line_1_30' title="bbox 278 3631 1254 3706; baseline -0.008 -16"><span class='ocrx_word' id='word_1_213' title='bbox 278 3637 313 3690; x_wconf 88' lang='lat' dir='ltr'><strong>C.</strong></span> <span class='ocrx_word' id='word_1_214' title='bbox 332 3636 399 3692; x_wconf 81' lang='lat' dir='ltr'><strong>XV.</strong></span> <span class='ocrx_word' id='word_1_215' title='bbox 422 3635 449 3703; x_wconf 64' lang='lat' dir='ltr'><strong>l.</strong></span> <span class='ocrx_word' id='word_1_216' title='bbox 468 3635 514 3699; x_wconf 82' lang='grc'><strong>2.,</strong></span> <span class='ocrx_word' id='word_1_217' title='bbox 540 3633 587 3702; x_wconf 86' lang='lat' dir='ltr'><strong>qui</strong></span> <span class='ocrx_word' id='word_1_218' title='bbox 603 3635 742 3704; x_wconf 69' lang='grc' dir='ltr'><strong><em>ἐρανίζειν</em></strong></span> <span class='ocrx_word' id='word_1_219' title='bbox 758 3637 892 3706; x_wconf 75' lang='grc' dir='ltr'><strong><em>οοὶἐίρινι,</em></strong></span> <span class='ocrx_word' id='word_1_220' title='bbox 922 3638 1034 3705; x_wconf 85' lang='lat' dir='ltr'><strong>opponit</strong></span> <span class='ocrx_word' id='word_1_221' title='bbox 1056 3635 1096 3706; x_wconf 77' lang='grc' dir='ltr'><strong>τῷ</strong></span> <span class='ocrx_word' id='word_1_222' title='bbox 1119 3631 1254 3701; x_wconf 79' lang='grc' dir='ltr'><strong><em>εέςφέρενν</em></strong></span> 
     </span>
     <span class='ocr_line' id='line_1_31' title="bbox 279 3712 1253 3790; baseline -0.011 -17"><span class='ocrx_word' id='word_1_223' title='bbox 279 3725 405 3789; x_wconf 75' lang='lat' dir='ltr'><strong>conferre.</strong></span> <span class='ocrx_word' id='word_1_224' title='bbox 458 3717 528 3770; x_wconf 87' lang='lat' dir='ltr'><strong>Hinc</strong></span> <span class='ocrx_word' id='word_1_225' title='bbox 552 3715 659 3770; x_wconf 78' lang='lat' dir='ltr'><strong>videtur</strong></span> <span class='ocrx_word' id='word_1_226' title='bbox 681 3717 819 3786; x_wconf 71' lang='grc' dir='ltr'><strong><em>ἐρανίζειν</em></strong></span> <span class='ocrx_word' id='word_1_227' title='bbox 847 3725 874 3770; x_wconf 88' lang='lat' dir='ltr'><strong>et</strong></span> <span class='ocrx_word' id='word_1_228' title='bbox 897 3719 1081 3790; x_wconf 70' lang='grc' dir='ltr'><strong><em>ἐρανίζεσθαι</em></strong></span> <span class='ocrx_word' id='word_1_229' title='bbox 1104 3712 1253 3782; x_wconf 86' lang='lat' dir='ltr'><strong>promiscue</strong></span> 
     </span>
     <span class='ocr_line' id='line_1_32' title="bbox 222 3793 1253 3870; baseline -0.008 -14"><span class='ocrx_word' id='word_1_230' title='bbox 222 3827 225 3834; x_wconf 94' lang='lat'>·</span> <span class='ocrx_word' id='word_1_231' title='bbox 279 3801 413 3870; x_wconf 78' lang='lat' dir='ltr'><strong>arrurpari3</strong></span> <span class='ocrx_word' id='word_1_232' title='bbox 444 3816 604 3869; x_wconf 84' lang='lat' dir='ltr'><strong>quamquam</strong></span> <span class='ocrx_word' id='word_1_233' title='bbox 626 3798 655 3849; x_wconf 90' lang='lat' dir='ltr'><strong>in</strong></span> <span class='ocrx_word' id='word_1_234' title='bbox 678 3814 710 3850; x_wconf 93' lang='lat' dir='ltr'><strong>eo</strong></span> <span class='ocrx_word' id='word_1_235' title='bbox 736 3799 808 3851; x_wconf 84' lang='lat' dir='ltr'><strong>erani</strong></span> <span class='ocrx_word' id='word_1_236' title='bbox 833 3817 945 3868; x_wconf 78' lang='lat' dir='ltr'><strong>genere,</strong></span> <span class='ocrx_word' id='word_1_237' title='bbox 980 3798 1029 3850; x_wconf 90' lang='lat' dir='ltr'><strong>uhi</strong></span> <span class='ocrx_word' id='word_1_238' title='bbox 1058 3795 1125 3849; x_wconf 86' lang='lat' dir='ltr'><strong>socii</strong></span> <span class='ocrx_word' id='word_1_239' title='bbox 1154 3793 1253 3864; x_wconf 74' lang='lat' dir='ltr'><strong>lpum</strong></span> 
     </span>
     <span class='ocr_line' id='line_1_33' title="bbox 280 3877 1252 3954; baseline -0.005 -19"><span class='ocrx_word' id='word_1_240' title='bbox 280 3881 445 3954; x_wconf 85' lang='lat' dir='ltr'><strong>(pensionem</strong></span> <span class='ocrx_word' id='word_1_241' title='bbox 460 3881 634 3952; x_wconf 78' lang='lat' dir='ltr'><strong>menstruam)</strong></span> <span class='ocrx_word' id='word_1_242' title='bbox 655 3882 776 3935; x_wconf 79' lang='lat' dir='ltr'><strong>conferre</strong></span> <span class='ocrx_word' id='word_1_243' title='bbox 795 3882 933 3946; x_wconf 88' lang='lat' dir='ltr'><strong>solebant,</strong></span> <span class='ocrx_word' id='word_1_244' title='bbox 951 3880 1025 3933; x_wconf 79' lang='lat' dir='ltr'><strong>nulli</strong></span> <span class='ocrx_word' id='word_1_245' title='bbox 1043 3879 1095 3932; x_wconf 79' lang='lat' dir='ltr'><strong>alia</strong></span> <span class='ocrx_word' id='word_1_246' title='bbox 1110 3879 1162 3932; x_wconf 91' lang='lat' dir='ltr'><strong>nisi</strong></span> <span class='ocrx_word' id='word_1_247' title='bbox 1181 3877 1252 3931; x_wconf 83' lang='lat' dir='ltr'><strong>acti-</strong></span> 
     </span>
     <span class='ocr_line' id='line_1_34' title="bbox 246 3959 1256 4031; baseline -0.005 -13"><span class='ocrx_word' id='word_1_248' title='bbox 246 3993 247 3996; x_wconf 38' lang='lat'><em>*</em></span> <span class='ocrx_word' id='word_1_249' title='bbox 278 3963 314 4019; x_wconf 77' lang='lat' dir='ltr'><strong>vl</strong></span> <span class='ocrx_word' id='word_1_250' title='bbox 330 3961 521 4031; x_wconf 73' lang='lat' dir='ltr'><strong>significatione</strong></span> <span class='ocrx_word' id='word_1_251' title='bbox 538 3963 648 4015; x_wconf 87' lang='lat' dir='ltr'><strong>utimur.</strong></span> <span class='ocrx_word' id='word_1_252' title='bbox 683 3960 750 4016; x_wconf 86' lang='lat' dir='ltr'><strong>Vid.</strong></span> <span class='ocrx_word' id='word_1_253' title='bbox 766 3961 890 4016; x_wconf 86' lang='lat' dir='ltr'><strong>Wollius</strong></span> <span class='ocrx_word' id='word_1_254' title='bbox 908 3963 942 4015; x_wconf 86' lang='lat' dir='ltr'><strong>ad</strong></span> <span class='ocrx_word' id='word_1_255' title='bbox 963 3963 1107 4016; x_wconf 84' lang='lat' dir='ltr'><strong>Kusterurn</strong></span> <span class='ocrx_word' id='word_1_256' title='bbox 1130 3961 1164 4014; x_wconf 89' lang='lat' dir='ltr'><strong>de</strong></span> <span class='ocrx_word' id='word_1_257' title='bbox 1180 3959 1256 4015; x_wconf 83' lang='lat' dir='ltr'><strong>Ver·</strong></span> 
     </span>
     <span class='ocr_line' id='line_1_35' title="bbox 278 4041 1253 4118; baseline -0.004 -18"><span class='ocrx_word' id='word_1_258' title='bbox 278 4047 321 4100; x_wconf 89' lang='lat' dir='ltr'><strong>bis</strong></span> <span class='ocrx_word' id='word_1_259' title='bbox 345 4044 439 4098; x_wconf 83' lang='lat' dir='ltr'><strong>mediis</strong></span> <span class='ocrx_word' id='word_1_260' title='bbox 463 4063 491 4112; x_wconf 84' lang='lat' dir='ltr'><strong>p.</strong></span> <span class='ocrx_word' id='word_1_261' title='bbox 516 4045 575 4096; x_wconf 79' lang='lat'><strong>150.</strong></span> <span class='ocrx_word' id='word_1_262' title='bbox 610 4043 690 4098; x_wconf 78' lang='lat' dir='ltr'><strong>Conl&#39;.</strong></span> <span class='ocrx_word' id='word_1_263' title='bbox 718 4045 745 4112; x_wconf 61' lang='lat' dir='ltr'><strong>p.</strong></span> <span class='ocrx_word' id='word_1_264' title='bbox 773 4046 800 4098; x_wconf 88' lang='lat'><strong>8.</strong></span> <span class='ocrx_word' id='word_1_265' title='bbox 825 4045 904 4112; x_wconf 84' lang='lat' dir='ltr'><strong>infra.</strong></span> <span class='ocrx_word' id='word_1_266' title='bbox 957 4045 999 4118; x_wconf 83' lang='lat'><strong>(3)</strong></span> <span class='ocrx_word' id='word_1_267' title='bbox 1019 4045 1085 4103; x_wconf 81' lang='lat' dir='ltr'><strong>vid.</strong></span> <span class='ocrx_word' id='word_1_268' title='bbox 1110 4041 1192 4098; x_wconf 86' lang='lat' dir='ltr'><strong>Char.</strong></span> <span class='ocrx_word' id='word_1_269' title='bbox 1219 4043 1253 4097; x_wconf 79' lang='lat' dir='ltr'><strong>C.</strong></span> 
     </span>
     <span class='ocr_line' id='line_1_36' title="bbox 281 4125 953 4197; baseline -0.009 -12"><span class='ocrx_word' id='word_1_270' title='bbox 281 4126 380 4186; x_wconf 80' lang='lat' dir='ltr'><strong>XXII.</strong></span> <span class='ocrx_word' id='word_1_271' title='bbox 398 4125 492 4197; x_wconf 85' lang='lat' dir='ltr'><strong>ibique</strong></span> <span class='ocrx_word' id='word_1_272' title='bbox 510 4127 617 4180; x_wconf 86' lang='lat' dir='ltr'><strong>omnino</strong></span> <span class='ocrx_word' id='word_1_273' title='bbox 636 4127 707 4181; x_wconf 82' lang='lat' dir='ltr'><strong>Astii</strong></span> <span class='ocrx_word' id='word_1_274' title='bbox 724 4126 827 4180; x_wconf 85' lang='lat' dir='ltr'><strong>Comus.</strong></span> <span class='ocrx_word' id='word_1_275' title='bbox 846 4146 873 4197; x_wconf 87' lang='lat' dir='ltr'><strong>p.</strong></span> <span class='ocrx_word' id='word_1_276' title='bbox 893 4127 953 4180; x_wconf 80' lang='lat'><strong>196.</strong></span> 
     </span>
    </p>
   </div>
   <div class='ocr_carea' id='block_1_9' title="bbox 0 0 1456 4824">
    <p class='ocr_par' dir='ltr' id='par_1_10' title="bbox 0 0 1456 4824">
     <span class='ocr_line' id='line_1_37' title="bbox 0 0 1456 4824; baseline 0 0"><span class='ocrx_word' id='word_1_277' title='bbox 0 0 1456 4824; x_wconf 95' lang='lat' dir='ltr'><strong> </strong></span> 
     </span>
    </p>
   </div>
  </div>
 </body>
</html>
