2904 4826
661 487 846 552 -100-

270 673 365 740 eredo
388 673 522 755 butum,
545 681 581 734 ut
600 667 793 758 indigentes,
815 693 880 760 quo
903 671 1001 760 magis
1020 671 1103 738 banc
1133 671 1233 738 colli-

267 774 363 864 gendi
387 772 561 838 molestiam
590 772 757 858 evitarent,
784 773 963 860 saepissime
985 774 1047 842 boc'
1068 777 1235 864 negotium

265 879 448 946 hominibus
461 875 536 942 inde
549 877 643 963 vulgo
664 898 732 940 rem
752 876 976 963 quaerentibus
991 876 1232 966 (ἐρανέμπολοις)

267 983 412 1047 locarent
425 976 483 1068 (1)
514 977 592 1042 Inde
607 977 781 1067 Hesychius
796 1001 849 1044 eos
867 981 991 1066 exponit
1006 983 1039 1060 ἐξ
1052 987 1165 1070 ἐράνων
1179 987 1234 1067 ἒμ-

265 1088 442 1162 πωἏώγτας
464 1080 527 1174 (2);
554 1083 671 1172 quibus
694 1081 806 1148 Suidas
830 1083 993 1172 subjungit
1014 1087 1076 1152 α’πό
1094 1091 1157 1154 τῶν
1178 1087 1234 1172 ἂρ-

265 1197 341 1280 χῶν.
385 1191 474 1272 Quae
503 1199 609 1253 tamen
638 1185 732 1251 rerba
762 1198 906 1272 suspecta
936 1185 1081 1252 ridentur
1110 1187 1233 1252 Kuste-

263 1315 301 1358 ro
329 1289 387 1384 (³).
438 1291 548 1376 Neque
582 1289 665 1354 haue
698 1289 869 1354 lectionem
903 1290 1046 1376 probarit
1074 1291 1230 1357 Heraldus

263 1397 373 1482 legens
395 1396 445 1460 ἐπὶ
474 1398 536 1459 τῶν
558 1394 682 1478 riquira:
711 1403 748 1456 ut
771 1391 833 1459 boc
856 1393 977 1462 dictum
1000 1397 1038 1461 sit
1059 1397 1097 1462 de
1117 1397 1231 1462 leomi-

264 1498 366 1564 sss'bru
391 1497 522 1579 oticsis,
551 1495 612 1584 qui
637 1496 750 1558 monis
776 1497 989 1563 comedendis
1014 1501 1117 1564 eitum
1142 1501 1231 1564 otio·-

264 1625 341 1668 sum
370 1613 402 1666 et
428 1603 565 1664 inertem
591 1610 827 1684 sustentarent,
856 1613 916 1664 aut
938 1603 1039 1666 etium
1063 1603 1102 1668 de
1129 1627 1230 1669 meu-

263 1703 453 1771 diooutibus
477 1701 609 1776 ‚validis
644 1695 700 1789 (4).
756 1701 794 1764 td
827 1703 932 1767 miuus
966 1715 1052 1769 recte
1092 1708 1231 1772 coniecit

265 1828 303 1872 ex
330 1804 455 1870 Libauii
482 1803 621 1892 quodam
648 1805 740 1887 looo,
767 1804 801 1868 in
825 1803 964 1870 Declauu
988 1807 1049 1891 XI,
1078 1830 1116 1874 ac
1138 1811 1163 1873 si
1184 1812 1232 1876 ibi
1265 1837 1269 1848 ¹

263 1908 416 1996 parasitus
442 1910 510 1993 usqi
543 1912 606 1974 τῶν
640 1908 857 1992 {pareceptum
886 1907 930 1974 ita
959 1911 1160 1998 loqueretur,
1192 1927 1230 1981 ut

262 2037 316 2084 cos
336 2013 468 2080 referret
486 2011 526 2077 ad
544 2010 687 2076 homines
705 2010 903 2098 importunos
923 2024 954 2076 et
974 2015 1121 2080 molestos
1139 2015 1231 2080 aliis-

263 2137 327 2206 que
355 2115 518 2204 negotium
547 2115 742 2180 incessentes.
788 2115 874 2180 Haeo
901 2116 986 2180 enim
1008 2129 1081 2182 sunt
1104 2119 1228 2186 Libauii

256 2367 436 2423 coutulerunt.
472 2367 544 2421 Haec
560 2369 629 2421 euim
642 2375 702 2422 sunt
715 2367 818 2422 Comici
832 2369 927 2438 verba,
938 2369 1152 2444 incarcatione,
1171 2379 1232 2433 act.

254 2449 294 2506 V·
312 2451 391 2506 Secu.
410 2453 435 2503 3.
454 2467 481 2506 v·
499 2451 526 2501 5.
544 2468 604 2520 sqq.
698 2459 701 2472 ¹
1085 2445 1087 2450 ’

222 2570 227 2584 .
271 2534 418 2606 Postquam
426 2532 496 2586 nibil
506 2532 556 2600 fle,
569 2531 827 2588 clamorebcminem
834 2552 930 2604 posco,
943 2537 991 2590 ille
999 2538 1029 2591 iu
1037 2542 1081 2609 jos
1092 2560 1135 2595 me
1144 2553 1232 2600 vocat.

269 2619 393 2674 Pessume
409 2617 510 2682 metui,
529 2634 562 2667 ne
578 2615 646 2668 mihi
664 2615 745 2670 bodie
762 2619 832 2685 apud
851 2619 1002 2672 Praetorem
1019 2623 1144 2678 solueret.

270 2699 376 2755 Verum
392 2698 469 2752 amici
487 2698 674 2764 coutulerunt,
693 2694 789 2751 reddit
801 2709 936 2769 argentum
953 2705 1044 2758 domo.

252 2785 411 2838 Cosaubcuo
438 2782 472 2834 ad
496 2779 635 2849 Theophr.
661 2779 743 2833 Cber.
769 2782 801 2835 C.
820 2783 886 2836 XV.
911 2785 938 2852 §-
954 2787 980 2838 2.
1003 2805 1134 2841 assensum
1147 2809 1229 2859 prae-

251 2870 318 2921 bens
340 2883 368 2920 τ.
391 2867 418 2916 7.
444 2865 502 2932 lego
526 2863 694 2914 contuleruut
718 2879 769 2929 pro
792 2867 978 2933 compulerunt.
1030 2869 1152 2940 Namque
1177 2873 1230 2924 nisi

252 2950 426 3006 eontulissent
449 2945 547 3010 amici,
575 2943 725 3012 periculum
741 2953 815 3010 eret,
833 2963 866 2998 ne
886 2950 1001 3002 cessione
1018 2951 1151 3004 bonorum
1168 2971 1230 3006 cre-

143 3061 147 3068 ·
251 3035 386 3093 ditoribus
411 3030 514 3084 solvere
539 3033 685 3095 cogeretur.
720 3025 828 3096 Quibus
843 3031 967 3084 nimirum
985 3035 1144 3102 argentorius
1162 3053 1231 3086 cou-

251 3122 350 3187 ΝΜ,
368 3130 463 3186 negans
480 3127 506 3162 se
525 3108 645 3160 debitum
662 3107 810 3161 soluturum
826 3112 931 3179 lenoni,
949 3116 1049 3184 quippe
1062 3116 1137 3185 quod
1151 3133 1228 3168 com.

248 3203 357 3261 modius
371 3189 600 3263 solviposset'ejus
609 3188 796 3243 creditoribus.
818 3189 1058 3266 Minabaturigitur
1068 3199 1230 3266 argentarius

249 3306 276 3342 se
302 3285 435 3355 aditorum
462 3278 633 3341 Praetorem,
662 3273 710 3342 qui
736 3273 844 3328 decreto
871 3287 994 3348 caveret,
1028 3289 1058 3335 ut
1081 3285 1227 3338 creditores

248 3373 278 3424 in
296 3365 485 3438 possessiouem
501 3361 633 3410 bonorum
656 3355 758 3433 lenonis
776 3359 969 3436 mitterentur„
988 3362 1054 3418 vid.
1073 3367 1108 3418 ir.
1126 3369 1170 3420 26.
1188 3367 1226 3420 Ι).

248 3455 283 3507 de
307 3453 377 3522 pigo.
403 3453 470 3512 act.;
496 3445 588 3522 Coust.
611 3445 624 3494 1
643 3442 702 3494 ert
720 3441 752 3493 C.
772 3443 805 3495 de
819 3454 935 3512 praetor.
953 3439 1024 3519 pign.
1044 3458 1070 3504 et
1090 3451 1145 3504 Tit.
1162 3451 1226 3522 Dig.

247 3538 355 3610 Quibus
370 3551 402 3586 ex
420 3548 501 3584 cause.
518 3530 546 3579 iu
562 3545 634 3606 poss.
652 3534 709 3592 eot3
728 3530 799 3582 conf.
817 3530 953 3588 Ciceronis
972 3534 1049 3587 Orat.
1067 3551 1118 3602 pro
1132 3534 1226 3606 Quin·

246 3622 286 3673 tio
303 3619 369 3688 Cap.
386 3617 419 3667 26
437 3620 463 3665 et
479 3611 528 3676 295
546 3610 609 3662 add.
625 3610 745 3664 universe
764 3612 881 3668 Doctiss.
899 3616 928 3671 S.
947 3617 973 3668 J.
989 3615 1022 3668 E.
1038 3615 1096 3668 lieu
1112 3618 1140 3668 in
1154 3618 1224 3670 Die-

246 3713 308 3775 put.
326 3703 361 3756 ad
379 3695 447 3754 banc
464 3698 542 3752 Orat.
560 3697 640 3766 p-37.
650 3715 710 3766 sqq.
720 3700 798 3750 eo86.
808 3719 847 3769 eq.
866 3697 1029 3752 1..'B.1825.
1065 3701 1141 3772 Quae
1158 3720 1224 3756 vero

246 3788 373 3842 immissio
390 3803 445 3855 quo
462 3781 549 3836 minus
564 3783 739 3850 procederet,
762 3783 956 3850 impediverunt
974 3785 1067 3851 amici;
1094 3804 1149 3856 quo
1165 3788 1224 3842 sac-

247 3882 304 3925 tum
323 3877 380 3934 est,
400 3873 431 3920 ut
444 3866 605 3936 argentarius
621 3865 691 3932 apud
706 3883 769 3917 eum
785 3867 858 3918 domi
875 3867 999 3921 solueret.
1098 3931 1100 3935 Ι

283 3954 324 4020 (l)
344 3950 423 4002 conf.
448 3947 557 4002 Salmas.
582 3949 615 4000 de
641 3947 738 4002 Usuris
762 3946 794 4000 C.
811 3948 837 4000 3.
862 3967 889 4018 p.
908 3951 952 4002 63.
996 3951 1037 4019 (2)
1058 3951 1123 4008 Vid.
1149 3957 1177 4008 in
1194 3975 1219 4012 γ.

246 4030 457 4103 Ἐρανέμπολοι.
502 4030 544 4099 (3)
565 4030 609 4083 Ad
632 4029 742 4084 Sciriam
767 4031 794 4082 iu
819 4048 845 4084 v.
873 4031 1097 4102 Ἐρανίμπολοις·
1115 4050 1174 4102 τοῖς
1191 4043 1220 4093 is

246 4199 295 4254 ius
314 4199 370 4251 Ast.
390 4197 508 4251 eteRom.
528 4197 579 4254 VI.
598 4201 623 4250 5.
