2904 4826
590 493 786 558 -103-

243 676 317 744 Erat
340 677 437 764 igitur
465 677 520 741 ille
546 679 709 762 ἐρανάρχης
731 673 866 757 amicus,
895 674 951 760 qui
978 671 1064 740 orani
1089 674 1164 740 col-

201 778 322 866 ligendi
345 800 455 845 curam
479 797 536 866 pro
557 777 661 840 amico
690 776 783 861 gratis
809 775 1014 862 suscipiebat,
1037 781 1165 866 qualem

203 881 434 968 Theophrastus
456 879 604 966 respexit,
627 878 752 944 dicens:
774 877 1167 965 cataplasmatum

202 989 375 1066 εἶςικιγκεῒι
404 980 461 1073 (l).
514 983 603 1064 Quae
634 980 729 1048 verba
760 980 865 1044 minus
892 993 978 1046 recte
1010 983 1168 1072 accepisse

203 1085 283 1150 mihi
315 1085 438 1150 videtur
466 1084 651 1167 Salmasius,
680 1081 790 1147 exinde
816 1083 969 1149 ¹nimirum
996 1081 1181 1153 conficiens

202 1189 320 1255 amicos
341 1188 518 1277 indigentes
540 1187 607 1252 non
628 1185 718 1250 alteri
743 1184 777 1250 id
805 1187 966 1273 negotium
988 1189 1169 1270 mandasse,

5 1273 9 1280 ¹
99 1309 102 1318 ·
201 1313 312 1358 serum
336 1292 419 1378 ipsus
446 1296 555 1378 ἔρανοι
577 1288 739 1376 collegisse
763 1285 824 1377 (2):
846 1309 984 1376 namque
1009 1290 1071 1358 hoo
1093 1314 1169 1360 casu

203 1397 311 1460 nullus
343 1395 378 1458 in
413 1416 508 1459 erano
545 1413 717 1479 egenorum
749 1395 912 1478 ἐρανάρχης
946 1396 1169 1481 requireretur.

204 1498 300 1581 Quod
323 1519 396 1562 vero
416 1495 494 1561 dicit
519 1496 687 1560 Salmasius
711 1495 836 1562 nullum
857 1519 922 1561 esse
952 1499 1077 1586 locum,
1099 1523 1170 1567 tsn-

205 1602 244 1668 de
270 1599 397 1688 probari
418 1598 533 1686 possit,
555 1619 657 1663 unum
679 1607 803 1663 tantum
820 1600 995 1665 amicorum
1011 1623 1068 1688 pro
1083 1603 1172 1668 ami-

203 1727 241 1770 co
267 1725 368 1791 egeno
392 1721 535 1788 rogasse,
557 1697 590 1764 id
616 1721 651 1763 er
675 1719 767 1785 supra
782 1713 954 1766 memorato
965 1701 1172 1790 Theophrasti

204 1809 276 1872 loco
297 1805 368 1870 satis
394 1802 497 1868 refelli
521 1811 631 1887 potest.
676 1801 772 1887 Cujus
795 1803 892 1891 igitur
914 1805 1017 1882 verbis
1039 1827 1173 1892 parum-

204 1932 261 1998 per
282 1911 473 1974 insistamus:
497 1918 569 1971 sunt
593 1906 679 1970 enim
706 1905 810 1972 haec:
833 1911 884 1973 καλ
910 1909 989 1994 φίλῳ
1012 1911 1045 1976 δὲ
1064 1913 1174 1997 ἔρανον
1274 1969 1277 1977 .

207 2014 378 2083 κελεύσαιτε
402 2018 593 2092 εἶςεκεγκιῒα,
622 2011 716 2076 εἰπὼν
738 2012 786 2076 ὅτι
807 2012 861 2077 οὐκ
883 2017 923 2080 ἂν
943 2014 1027 2098 δοίη,
1056 2040 1085 2082 κ.
1099 2041 1129 2081 τ.
1143 2015 1173 2082 λ.

203 2115 290 2182 Illud
322 2118 374 2181 sal
406 2115 486 2198 φίλα
512 2112 700 2198 intelligitur
733 2110 773 2176 de
799 2113 985 2200 erauarchi,
1018 2117 1095 2181 alios
1118 2115 1174 2184 id-

205 2218 292 2284 circo
313 2216 465 2301 jubente,
489 2226 524 2280 ut
548 2214 643 2301 gratis
662 2214 695 2277 in
718 2215 857 2280 amicum
876 2217 955 2304 quid
979 2220 1173 2306 conferrent3

205 2322 249 2386 ita
280 2320 365 2384 enim
405 2318 564 2405 aptissime
603 2316 685 2382 illud
719 2318 892 2387 κελεύσαντι
925 2322 1028 2410 accipi
1061 2335 1171 2411 potest.

205 2423 299 2510 Quis,
322 2443 453 2510 quaeso,
475 2421 625 2508 angustiis
646 2425 775 2485 co'actus
799 2423 955 2509 amicum,
977 2441 1076 2512 quem·
1096 2425 1174 2492 adi-

206 2538 270 2613 ret,
292 2525 486 2592 beneficium
508 2523 583 2588 dare
612 2520 765 2609 juberet?
814 2525 937 2590 Dicitur
963 2535 1069 2593 autem
1094 2551 1174 2617 ege-

207 2653 267 2696 nus
297 2628 471 2709 συλλέγειν,
501 2628 697 2710 acutissimus,
725 2627 776 2690 vel
806 2627 900 2693 ctiam
923 2633 1019 2696 αι’τιῒκ
1046 2632 1172 2717 ἔρανοι,

205 2743 242 2798 ut
272 2732 339 2818 jam
369 2730 512 2795 uidimus.
568 2729 636 2793 Imo
669 2727 841 2796 κελεύσαντι
864 2730 963 2818 magis
994 2752 1030 2796 ex
1058 2731 1174 2798 effectu

208 2832 343 2918 intelligi
372 2842 509 2918 oportet:
546 2851 684 2917 namque
720 2851 777 2915 pro
813 2832 917 2898 amico
947 2833 1175 2904 interveniente

210 2933 398 3020 eranarohsi,
429 2955 494 2998 uon
515 2931 634 2997 dabant
656 2931 750 2996 amici
772 2945 926 3019 quantum
949 2936 1083 3024 quisque
1101 2941 1176 3005 vel-

209 3041 268 3122 let3
298 3037 353 3104 setl
379 3035 517 3102 concilio
543 3055 654 3099 corum
677 3031 800 3119 habito,
822 3035 998 3124 imperabat
1025 3039 1081 3104 ille
1105 3045 1177 3128 ἐρα-

208 3148 320 3228 κάρχης
343 3159 514 3221 summam,
537 3159 636 3224 quam
653 3137 768 3224 singuli
789 3159 845 3224 pro
860 3139 1062 3208 facultatibus
1076 3167 1177 3230 prae-

211 3254 328 3311 starent
357 3239 420 3333 (3),
453 3239 541 3304 nulli
570 3239 604 3303 iu
633 3237 824 3303 conferendo
850 3244 1047 3330 aequalitatis
1070 3243 1178 3312 habiat

208 3350 348 3432 ratione,
380 3365 485 3432 neque
512 3343 557 3408 ita
580 3354 616 3408 ut
636 3343 692 3408 ille
716 3348 895 3434 ἐρανάρχης,
933 3349 959 3413 si
984 3347 1061 3438 quid
1083 3349 1179 3416 dees-
1289 3425 1293 3432 g

207 3463 267 3538 set,
291 3452 330 3518 de
353 3472 410 3516 suo
435 3450 582 3538 supplere
604 3461 772 3538 cogeretur
795 3449 853 3542 (4)
897 3453 987 3537 Quae
1013 3479 1077 3546 quo
1102 3481 1178 3526 mg.

238 3703 279 3775 (1)
299 3701 365 3756 vid.
383 3699 466 3754 Char.
485 3699 518 3754 C.
537 3697 603 3752 XV.
622 3699 649 3766 ύ.
668 3699 686 3750 2
695 3722 703 3765 ς
728 3698 763 3752 cf.
783 3699 811 3767 §.
829 3701 856 3752 8.
873 3699 936 3755 luc.
974 3703 1015 3774 (2)
1036 3703 1183 3762 viantis-

204 3787 266 3842 cell.
285 3789 385 3841 dolens.
404 3786 437 3839 C.
457 3787 482 3838 1.
499 3804 527 3853 p.
546 3784 588 3838 12.
630 3785 670 3854 (3)
692 3783 766 3838 Ηιιισ
792 3803 918 3839 summam
941 3805 956 3839 a
975 3789 1086 3858 siugulis
1101 3811 1184 3862 prse-

202 3873 322 3926 strndam
344 3873 378 3924 τὸ
404 3869 515 3940 ταχθὲν
542 3877 620 3925 vocat
639 3869 783 3925 Salmasius
807 3871 836 3922 iu
852 3871 968 3924 Miscell.
987 3874 1087 3928 delens.
1105 3875 1138 3930 C.
1156 3881 1183 3934 1.

203 3975 232 4024 p.
243 3958 285 4013 19.
320 3956 400 4010 Cous.
415 3956 530 4026 Dionys.
549 3956 637 4010 Halic-
656 3976 684 4026 p.
696 3957 772 4010 1264.
790 3954 869 4008 Tom.
887 3955 937 4022 ll,
957 3959 1000 4011 cd.
1016 3959 1137 4030 ttsiskii,
1156 3971 1185 4018 et

204 4037 271 4088 iutra
292 4037 318 4102 §.
336 4039 380 4088 21.
423 4039 465 4107 (4)
481 4038 519 4090 ln
542 4039 594 4110 qul
619 4040 747 4092 nimirum
762 4040 886 4107 opinione
905 4050 1037 4094 versatam
1052 4061 1107 4098 esse
1125 4045 1185 4100 Ho-

204 4117 310 4172 rsldum
326 4121 379 4187 jam
396 4139 489 4188 supra,
508 4121 541 4174 C.
563 4123 603 4176 ll.
621 4123 648 4190 ύ.
666 4124 726 4188 10.,
746 4123 809 4174 satis
825 4122 977 4193 indigitssse
994 4125 1062 4182 mihi
1079 4132 1183 4187 videor.

205 4201 284 4254 Ceut.
313 4201 425 4257 Herrld.
449 4201 564 4265 observ.
591 4213 617 4260 ct
644 4204 756 4260 Emend.
785 4205 817 4261 C.
836 4208 881 4262 ts.
904 4213 931 4263 ot
948 4207 1063 4274 Obserr.
1083 4215 1117 4269 sd
1134 4215 1185 4270 λιιι

1123 4297 1189 4351 Allo
