2886 4826
577 531 737 590 ...31-

176 723 268 799 putet
286 711 382 776 etiam
401 730 465 797 por
484 719 598 796 portes
623 707 815 795 significare,
838 711 881 774 ita
906 721 941 774 ut
968 711 1139 800 Hesychius

178 818 220 880 ob
253 817 358 881 oculos
378 813 525 878 babuerit
543 811 719 876 convivium
748 811 888 896 partibus
914 813 1035 878 collatio
1057 837 1139 880 con-

178 933 276 1006 stans,
309 941 381 984 eum
418 939 436 982 a
463 939 536 980 vcro
552 917 661 1002 'longe
693 916 799 980 abesse
836 915 1033 982 crediderim.
1078 919 1138 984 Fac

176 1045 266 1088 voces
301 1025 419 1090 ductet
447 1025 527 1086 κατὰ
552 1021 660 1105 μέρος,
684 1039 766 1106 quae
795 1017 906 1084 eodem
931 1020 1080 1107 rodeunt,
1103 1047 1139 1088 ex

176 1127 461 1192 Grammaticorum
483 1123 652 1206 sententia,
677 1121 828 1208 expositas
847 1143 912 1186 osse
930 1145 995 1210 por
1007 1137 1141 1211 portes:

178 1255 255 1318 rogo
275 1223 450 1316 equidem,
489 1227 568 1315 quid
603 1227 681 1292 haec
717 1229 932 1313 interpretatio
961 1221 1021 1292 sibi
1051 1231 1140 1312 relit3

179 1333 276 1398 credo
298 1333 384 1396 enim
403 1333 448 1400 nil
473 1331 559 1400 aliud
579 1330 728 1416 intelligi,
751 1330 809 1394 nisi
828 1341 930 1416 partes
952 1332 1141 1398 seinvicem

178 1437 419 1524 subsequenter,
442 1437 503 1501 sive
519 1447 636 1524 partes,
658 1457 793 1522 quarum
808 1437 883 1500 alias
898 1437 975 1522 ulia,
997 1438 1022 1500 si
1036 1439 1142 1525 llesy-

180 1541 246 1607 chii
278 1542 372 1606 rerba
398 1547 433 1608 τό
459 1546 521 1610 drot
548 1543 635 1626 μέρος
662 1543 785 1608 δεῖπνον
812 1541 973 1626 respicias,
995 1541 1035 1637 ad
1063 1563 1143 1607 coe-

177 1667 250 1711 nam
287 1657 539 1727 consumeretur3
570 1645 620 1730 id,
654 1644 740 1732 quod
767 1646 854 1709 orani
893 1646 1014 1710 notioni
1048 1647 1142 1732 plane

175 1760 345 1835 repugnat:
379 1749 424 1812 ibi
461 1751 546 1814 enim
580 1750 764 1835 accepimns¹
795 1771 812 1813 a
848 1751 978 1837 singulis
1007 1751 1143 1816 convivis

177 1849 314 1916 conlerri
339 1853 483 1936 solitum,
506 1851 590 1917 unde
621 1853 716 1916 simul
746 1852 884 1936 jucundi
919 1875 985 1918 esso
1009 1867 1143 1939 possent.

178 1952 271 2034 Quod
299 1955 325 2017 si
358 1965 518 2032 tenemus,
550 1959 611 2022 αόἀ
637 1957 725 2042 μέρος
748 1955 810 2021 boc
843 1957 914 2020 loco
945 1979 1008 2022 non
1039 1959 1143 2044 signi-

176 2053 272 2120 ficare
309 2067 410 2141 potest
446 2079 510 2144 por
542 2070 663 2144 portes.
720 2057 878 2146 Denique,
915 2069 950 2122 ut
987 2057 1048 2124 hoc
1084 2060 1144 2125 ad·
1214 2123 1217 2135 ,

179 2155 252 2222 dem
293 2171 514 2244 argumentum
551 2159 591 2224 ad
622 2159 800 2226 faciendam
838 2155 934 2226 fidem
965 2163 1144 2248 probabile3

176 2261 357 2326 Aristoteles
385 2263 425 2328 de
460 2264 678 2340 societatibus,
713 2265 775 2328 siro
809 2266 966 2350 collegiis,
997 2259 1144 2352 loquens,

177 2365 234 2428 ubi
272 2389 361 2431 suam
394 2370 528 2458 quisque
561 2381 683 2456 partem
718 2371 858 2452 conlert,
899 2370 998 2433 utitur
1026 2372 1141 2438 verbis:

178 2475 256 2536 κατὰ
269 2473 344 2557 μέρη
357 2477 408 2538 τοῦ
422 2474 621 2558 συμφέροντος
636 2469 684 2561 (1)
692 2499 703 2552 5
725 2471 759 2536 id
774 2471 862 2558 quod
875 2471 1068 2560 Hesychium
1085 2472 1144 2538 lu-

179 2593 253 2658 gere
274 2574 321 2638 vir
342 2576 452 2660 potuit.
506 2577 649 2664 Namque
669 2579 748 2642 κατὰ
767 2577 843 2662 μέρη
855 2582 907 2642 τοῦ
926 2577 1145 2663 συμφέροντος,

177 2674 257 2738 nihil
282 2677 368 2741 aliud
396 2690 456 2762 est,
479 2679 539 2742 nisi
565 2684 598 2744 ἐκ
625 2679 773 2768 συμβολῆς
780 2708 792 2761 ,·
813 2681 858 2746 ita
879 2692 915 2746 ut
936 2693 1038 2768 partes
1060 2705 1145 2748 eon-

175 2779 304 2862 junctae
322 2805 423 2846 unum
446 2785 534 2871 quasi
557 2807 671 2871 corpus
690 2785 837 2851 efficiant.
878 2787 1037 2868 Quocirca
1057 2787 1144 2853 aliud

147 2901 148 2906 ¹
179 2873 224 2944 est
247 2883 309 2949 ἀνὰ
340 2885 405 2950 sive
444 2891 522 2952 κατὰ
556 2889 660 2973 μέρος,
695 2885 782 2952 aliud
811 2893 889 2953 κατὰ
916 2891 1000 2977 μέρη.
1046 2894 1144 2958 Porro

179 2987 375 3072 accepimus,
405 3001 441 3054 ut
466 2992 527 3056 doct
554 2991 641 3077 μέρος
669 2990 798 3054 missum
823 2991 990 3077 faciamus,
1012 2996 1144 3060 verbum

178 3092 380 3176 ουνερανίζειο
404 3114 423 3156 a
448 3091 606 3179 Stephano
631 3093 739 3158 Latine
762 3092 920 3158 redditum
943 3117 1008 3159 osse
1028 3110 1145 3162 mutuo

177 3196 326 3259 conciola
350 3200 490 3285 agitare,
514 3221 577 3285 qua
598 3200 633 3262 in
650 3220 685 3262 re
704 3198 770 3267 VV.
784 3199 838 3264 LL.
859 3221 891 3261 se
914 3211 1058 3264 secutum
1080 3221 1145 3262 esse

178 3294 292 3358 latetur
318 3295 374 3386 (2).
420 3301 472 3364 Sic
498 3300 569 3366 Aul.
603 3302 724 3366 Gellius
755 3301 866 3366 eodem
897 3324 988 3366 sensu
1017 3315 1146 3388 usurpat

176 3401 293 3464 mutilo
315 3399 371 3489 (3)
417 3402 507 3466 Unde
532 3403 611 3468 mihi
634 3405 705 3468 satis
731 3425 879 3492 apparere
913 3403 1035 3478 videtur
1060 3425 1145 3466 con-

178 3503 273 3588 vivas,
315 3515 351 3567 ut
386 3505 577 3590 plurimum,
611 3507 730 3572 alterna
764 3508 849 3590 rice,
882 3529 982 3570 unum
1011 3506 1146 3570 alterum

179 3605 272 3672 domo
312 3608 476 3693 excepisse.
533 3607 627 3690 Quod
663 3609 688 3674 si
718 3609 752 3672 in
778 3609 918 3694 collegiis
940 3607 1146 3672 eranistarum

173 3712 220 3776 'ita
244 3710 410 3796 procedat;
433 3709 544 3799 quidni
569 3712 651 3776 inter
681 3723 821 3777 caeteros
843 3711 980 3794 sodales,
1006 3730 1070 3774 non
1085 3708 1145 3773 nisi

177 3815 318 3880 convivia
359 3835 422 3878 una
469 3813 684 3898 celebrantes,
722 3813 834 3878 eodem
871 3811 966 3878 modo
1002 3811 1145 3876 obtinere

174 4031 536 4052 m

211 4149 252 4218 (l)
273 4150 362 4206 Etbic.
384 4151 476 4204 'VllL
506 4156 547 4208 lt.
601 4155 643 4224 (2)
665 4151 817 4222 Stephanus
838 4154 866 4206 in
889 4153 969 4209 Thes.
996 4151 1030 4205 L.
1052 4151 1102 4205 Gr.
1121 4164 1149 4206 t.

173 4231 300 4301 ’‘Epome-
339 4235 381 4304 (3)
401 4235 482 4289 Noct.
501 4235 557 4290 Att.
577 4235 617 4289 ll.
636 4237 699 4304 24„
720 4235 833 4290 xv111.
851 4238 878 4289 2.
