2904 4826
674 475 860 536 -lzt-

283 679 347 724 non
371 669 545 746 satagentes
570 655 610 722 nd
636 661 759 742 ἐράνους
783 667 902 720 temere
929 655 1129 742 confugiant,
1151 658 1193 722 ito
1211 669 1244 722 ut

281 764 377 829 rebus
407 763 501 850 lopsir
535 763 607 849 plne
641 762 822 844 lucrentur,
856 779 952 845 quom
983 759 1022 824 iio
1052 781 1155 846 nequo
1178 761 1244 846 juro

283 877 493 956 competerct;
515 867 562 932 uti
584 866 788 954 Tongilianus
810 863 896 951 opud
917 865 1091 930 Martialem
1114 863 1175 955 (1):

393 1069 472 1126 Eur·
489 1071 585 1123 domur
600 1071 686 1124 scelat
703 1071 769 1134 tibi,
789 1067 964 1138 Tongilinne,
983 1069 1121 1123 ducentis:

393 1155 515 1206 Abstulit
532 1153 601 1208 hunc
618 1156 729 1208 nimiunn
745 1171 819 1206 entur
836 1153 865 1204 in
883 1155 949 1204 urbe
966 1153 1100 1222 frequens.

392 1237 528 1291 Collatum
546 1247 585 1292 eet
602 1239 705 1292 decies:
725 1255 789 1306 rogo
806 1255 861 1290 non
878 1243 953 1304 potes
969 1237 1026 1304 ipre
1042 1236 1129 1294 videri

393 1321 545 1375 incendisse
563 1329 652 1388 tnonr,
670 1319 845 1390 Tongilione,
866 1319 998 1372 domum?

326 1509 435 1574 llcrito
456 1507 643 1574 ridebantur
663 1509 712 1572 illi
735 1509 792 1596 qui
813 1509 868 1574 rili
887 1509 988 1595 pretio
1005 1507 1127 1596 aliquid
1148 1513 1247 1575 emio-

281 1623 364 1686 rum,
398 1612 550 1698 suspecti,
580 1631 616 1676 nc
653 1611 679 1674 si
715 1612 841 1675 ruinam
876 1623 1047 1698 antequam
1081 1613 1246 1677 imminere

279 1717 436 1805 coeperit,
465 1723 689 1802 properassent.
745 1714 798 1779 Sic
822 1715 983 1802 eleganter
1005 1716 1164 1781 luvenalis
1186 1712 1245 1805 (2):

392 1920 424 1976 Si
440 1935 531 1990 magno
550 1919 653 1972 Asturii
670 1917 768 1971 cecidit
785 1918 897 1970 domur:
918 1915 1148 1983 nominamur,

393 2003 494 2060 Pulloli
511 2021 652 2072 procem,
672 2003 764 2054 differt
780 2002 930 2058 vadimonio
949 2003 1068 2054 Praetor.

391 2087 468 2140 Tunc
486 2089 602 2156 geminus
620 2103 694 2138 carue
710 2086 817 2148 Urbis,
837 2090 901 2136 tunc
920 2073 1025 2136 odimne
1041 2083 1136 2150 ignem.

392 2169 480 2222 Ardet
497 2168 602 2235 adhuc,
622 2171 718 2237 etjam
735 2167 871 2230 occurrit,
891 2166 939 2236 qui
956 2183 1086 2217 marmora
1106 2165 1204 2232 donet,

328 2285 329 2288 =
391 2252 672 2322 Conierutimpensoe.
707 2250 759 2302 Hic
775 2249 846 2300 nudo
864 2255 891 2298 et
908 2249 1021 2300 condida
1039 2247 1127 2316 rigna,
1255 2240 1258 2246 ’

391 2335 444 2388 Hie
462 2335 564 2404 aliquid
581 2335 748 2403 praeclarum
766 2330 952 2401 Euphranoris
969 2339 996 2382 et
1014 2333 1162 2401 Polycleti,

391 2419 464 2472 llaec
482 2419 642 2470 Animorum
658 2423 750 2472 vetere
767 2424 920 2468 ornamento
938 2417 1079 2481 Deorum,

392 2503 444 2556 Hic
462 2502 546 2554 libros
564 2501 682 2552 dubitet
699 2501 802 2552 forulos
818 2501 986 2570 mediamque
1002 2497 1168 2566 Minervam,
1200 2547 1205 2559 ,

391 2585 444 2637 Hic
460 2585 579 2636 modium
597 2583 705 2652 argenti.
740 2581 856 2634 Meliora
874 2601 904 2635 oc
922 2583 1000 2650 pluro
1018 2583 1125 2650 reponit

337 2734 340 2742 Ι
390 2667 529 2732 Persicus,
550 2669 678 2720 orborum
695 2667 872 2734 lautissimus,
893 2675 920 2719 ct
937 2668 1032 2719 merito
1049 2669 1103 2736 jorn

392 2747 554 2818 Suspectus,
573 2756 699 2818 tnnqnonr
714 2749 770 2818 ipec
788 2767 847 2802 euno
863 2750 1012 2803 incenderit
1029 2751 1114 2804 redes.

324 2936 389 3000 Etsi
420 2934 603 3020 hujusmodi
633 2937 778 3020 collatio,
809 2937 874 3024 quil
902 2936 1072 3003 utebantur
1097 2939 1265 3021 Romanis

282 3039 401 3126 absquo
425 3037 492 3102 ullo
518 3036 614 3102 fiebat
639 3038 802 3125 repetendi
825 3040 971 3124 consilio,
1000 3041 1044 3106 itu
1071 3052 1108 3104 ut
1128 3043 1250 3127 saepie-

282 3145 359 3207 oimc
383 3143 417 3206 in
436 3144 557 3206 molum
582 3144 660 3206 uerti
679 3146 846 3230 potuisset,
868 3167 934 3210 non
959 3156 1065 3210 tomen
1086 3159 1250 3233 propterea

281 3247 363 3312 illud
389 3247 558 3312 consilinm
584 3257 651 3312 erat
675 3247 897 3332 spernendum.
920 3283 964 3298 -··
986 3248 1073 3330 Quid
1095 3250 1180 3314 enim
1205 3261 1250 3314 cet

280 3351 462 3416 hominihus
488 3351 597 3416 datum
621 3351 750 3436 melius,
779 3373 875 3437 quam
897 3351 1022 3416 interna
1042 3352 1099 3416 illu
1123 3353 1252 3418 securi-

281 3467 343 3538 tas,
376 3454 441 3541 qul
465 3454 571 3518 sciunt
598 3475 630 3517 ee
663 3454 698 3518 in
727 3475 762 3516 re
794 3453 920 3518 adversi
956 3455 1132 3520 amicorum
1161 3478 1250 3542 posse

260 3541 380 3624 'nuere
415 3555 554 3622 rutilio?
585 3595 624 3608 -
653 3557 716 3622 seo
761 3556 831 3622 oen
869 3559 918 3623 m
961 3571 1076 3645 potest,
1126 3571 1163 3626 ur
1201 3561 1251 3624 nn

280 3666 336 3750 qui
373 3663 548 3728 amicornm
582 3661 678 3748 operti
708 3661 769 3728 hoc
805 3663 899 3730 modo
928 3665 1081 3730 sublevati
1106 3665 1184 3748 sint,
1217 3662 1252 3728 id

280 3765 367 3852 quod
394 3765 781 3851 accepissent'commode
810 3767 959 3854 reddant,
990 3767 1251 3856 quondoquidem

281 3868 407 3933 collatio
433 3891 496 3933 non
518 3869 597 3934 odon
617 3872 774 3955 pecuniae
796 3871 932 3958 quidem
956 3875 1092 3960 summi,
1120 3874 1176 3940 sed
1194 3897 1252 3941 vn·-

281 4083 627 4108 -ss———m-

312 4197 352 4267 (ι)
373 4197 406 4250 n.
427 4197 482 4250 ιιι.
503 4199 593 4268 Epigr.
613 4204 654 4254 51.
692 4205 732 4272 (2)
753 4203 786 4256 n.
808 4205 830 4257 r.
851 4205 909 4260 sar.
928 4207 953 4258 n.
973 4185 1179 4262 voltu-222.
