2904 4826
674 495 860 558 -110-

279 699 342 766 que
374 674 509 742 subduci
540 675 648 762 jussit:
680 674 715 742 id
748 673 835 763 quod
867 674 1080 761 potissimum,
1113 687 1149 740 ut
1177 687 1245 741 erat

273 779 466 866 justotorum
501 799 583 854 mos,
616 795 724 844 cotom
755 779 870 866 ignotis
897 779 1010 866 fiebat,
1039 801 1103 866 qno
1129 781 1267 846 melius'

275 885 311 950 in
341 887 454 974 vulgus
485 883 638 950 audirent
694 884 780 950 lineo
813 885 899 949 enim
931 896 1003 950 sunt
1038 885 1246 972 Theophrasti

277 989 386 1056 rerba:
422 993 474 1056 καλ
514 992 679 1071 ἀγνώστων
717 991 750 1056 δὲ
788 989 1074 1075 παρακαθημένων,
1110 990 1248 1058 κελεῦσαι

275 1099 380 1160 θεῖναι
412 1097 468 1168 τὰς
499 1099 620 1178 ψήφους
626 1140 637 1174 ,
667 1094 720 1156 καλ
754 1101 865 1158 ποοοῦν
893 1093 1003 1174 αὐτὰς,
1036 1093 1111 1158 καθ’
1138 1095 1248 1170 ἑξακο-

276 1199 374 1278 ολονς,
404 1199 482 1262 κατὰ
511 1204 611 1279 μνᾶν,
645 1193 693 1284 (1)
725 1197 776 1259 sul
805 1197 976 1279 προςτιθελς
1001 1200 1144 1272 πιθανῶς
1176 1202 1248 1262 ἑκά-

276 1323 357 1376 στοις
389 1307 503 1368 τούτων
530 1301 668 1380 ὀνόματα
695 1300 747 1362 καὶ
772 1306 896 1380 ποιῆσαι
926 1298 1001 1364 δέκα
1023 1297 1168 1364 τάλαντα
1194 1301 1247 1364 καὶ

275 1409 364 1470 τοῦτο
391 1409 482 1484 φῆσαι
510 1399 729 1484 εἶςενηνοχέναι
752 1404 793 1474 εἷς
820 1404 944 1484 ἐράνους
968 1403 1071 1468 αὐτόν.
1100 1399 1157 1490 (2).

320 1507 373 1572 sic
399 1507 494 1572 etism
517 1504 678 1591 Antiphon
704 1504 818 1570 Orator
843 1516 947 1570 narrat
964 1503 1003 1570 de
1026 1505 1161 1593 quodem
1180 1526 1246 1591 pe-

276 1610 405 1676 cuniam
429 1610 463 1673 in
487 1607 633 1672 honestos
657 1629 732 1672 usus
759 1619 919 1695 erogante,
952 1613 1102 1696 opulento
1129 1620 1244 1675 coete-

276 1711 392 1798 roquin
430 1709 573 1776 homine:
609 1709 724 1786 πολλὰς
760 1715 840 1794 μὲν,
875 1712 997 1799 inquit,
1033 1718 1085 1779 καὶ
1111 1713 1245 1796 μεγάλας

276 1817 412 1899 eit-poprie
433 1813 623 1898 εἷςφέροντα,
647 1812 747 1879 πολλὰ
771 1815 804 1881 δὲ
827 1825 1079 1902 τριηραρχοῦντα,
1102 1817 1247 1902 λαμπρῶς

278 1917 312 1984 δὲ
349 1925 549 2004 χορηγοῦντα,
587 1913 717 1989 πολλοὺς
754 1916 787 1982 δὲ
825 1920 1021 2003 ἐρανίζοντα,
1051 1918 1184 2001 μεγάλας
1211 1918 1245 1984 δὲ

276 2021 352 2104 ὑπὲρ
388 2016 511 2084 πολλῶν
547 2020 657 2096 ἐγγύας
689 2018 876 2086 ἀποτίνοντα
911 2017 968 2109 (3).
1023 2021 1073 2086 An
1100 2042 1173 2086 vero
1196 2019 1245 2084 illi

278 2120 384 2205 orani,
411 2120 658 2206 ojaototorihus
680 2119 759 2184 adeo
781 2120 961 2208 frequenter
988 2126 1125 2212 erogati,
1153 2146 1247 2191 com-

278 2222 373 2290 mode
393 2223 483 2290 reddi
508 2223 682 2310 potuerint,
695 2234 769 2288 'non
791 2222 894 2290 haheo
916 2226 1003 2312 quod
1025 2227 1139 2293 dicem.
1184 2225 1248 2290 Sed

278 2327 359 2416 quid
379 2322 496 2392 refert?
512 2387 514 2394 ,
533 2327 649 2390 Dixisse
675 2327 760 2392 enim
784 2327 934 2412 sufficiat,
957 2352 1067 2396 erenos
1090 2341 1159 2394 turn
1183 2330 1248 2396 de-

279 2453 369 2498 ntum
391 2430 483 2500 reddi
509 2441 670 2516 oportere,
702 2430 832 2498 numid
859 2431 1025 2498 commode
1046 2433 1086 2499 oh
1110 2434 1166 2520 iis,
1190 2434 1247 2521 qui

279 2535 489 2622 accepissent,
512 2535 582 2600 fieri
603 2546 714 2621 posset

322 2742 369 2808 De
395 2752 536 2828 tempore
566 2740 663 2827 igitur
694 2740 781 2804 ernni
816 2737 970 2805 reddendi
1002 2763 1101 2828 quum
1134 2763 1249 2830 magno

279 2842 336 2918 sit,
359 2863 477 2930 eaque,
499 2852 536 2905 ut
549 2841 704 2926 vidimus,
725 2843 873 2910 Virorum
894 2843 1152 2910 Doctissirnorum
1175 2834 1249 2908 dis-'

278 2947 398 3030 sensio;
419 2948 571 3013 salmasio
592 2931 792 3036 tamen-quin
814 2949 980 3034 assentiar,
1002 2950 1109 3014 nullus
1125 2947 1246 3014 dubito.

310 3134 352 3204 (1)
373 3132 419 3188 sie
444 3151 477 3186 ox
500 3133 629 3202 salmasii,
652 3135 698 3204 (de
721 3132 804 3189 Usur.
823 3133 855 3186 C.
873 3135 899 3186 3.
917 3152 945 3202 p.
962 3135 1020 3203 63.)
1040 3133 1191 3203 conjecturh
1209 3135 1252 3186 ls-

275 3217 388 3286 gsndum
404 3233 455 3286 pro
475 3219 547 3268 κατὰ
564 3219 640 3280 μίαν.
677 3215 720 3267 Cf.
746 3217 817 3268 Astii
839 3214 943 3268 Comm.
960 3217 994 3268 od
1013 3215 1151 3284 Theophr.
1168 3215 1250 3271 Cher.

274 3319 303 3370 p.
322 3301 384 3353 207.
429 3301 470 3372 (2)
491 3300 557 3355 vid.
574 3298 657 3354 char.
677 3299 710 3352 C.
727 3297 842 3350 XXIII.
864 3298 939 3368 Περὶ
957 3299 1135 3366 ἀλαζονείας,
1160 3301 1253 3371 ibique

276 3386 384 3438 omnino
404 3386 475 3438 Astii
492 3385 595 3438 Cornus.
614 3385 634 3436 l.
652 3385 671 3435 l.
708 3383 751 3452 (3)
771 3381 848 3436 Orat.
869 3381 925 3432 111.
943 3381 999 3434 sive
1013 3381 1128 3450 Apolog.
1145 3401 1173 3451 p.
1189 3385 1252 3436 638.

274 3467 495 3533 Tom.vt1.1t.,
515 3467 578 3533 ubi,
597 3465 708 3518 Hersldi
727 3473 754 3518 et
773 3463 894 3518 salmasii
911 3464 1026 3533 vestigiis
1043 3463 1180 3529 insistens,
1201 3480 1252 3532 pro

273 3551 392 3609 πολλοὺς
415 3549 553 3620 legendum
576 3565 669 3601 censeo
690 3547 809 3606 πολλοῖς.
856 3543 922 3599 Vid.
948 3546 1060 3623 Heroid.
1087 3546 1202 3600 Observ.
1225 3553 1254 3598 et

274 3631 389 3685 Emend.
411 3631 443 3685 C.
470 3634 523 3698 th,
550 3630 661 3685 Salmas.
686 3629 800 3682 Miscell.
822 3629 922 3681 defens.
950 3629 982 3681 C.
999 3630 1026 3680 2.
1043 3648 1071 3698 p.
1092 3632 1135 3682 58.
1176 3630 1252 3682 Idem

275 3733 340 3770 sero
358 3716 386 3768 in
403 3715 474 3767 libro
492 3715 525 3767 de
542 3714 640 3770 Usuris
657 3711 689 3766 C.
709 3714 735 3765 3.
753 3731 780 3781 p.
798 3714 841 3765 43.
860 3711 1036 3780 Antiphontis
1057 3713 1162 3779 locum,
1189 3721 1253 3765 ton-

275 3815 356 3867 qusm
372 3814 427 3848 non
441 3806 592 3865 suspectum
609 3799 747 3867 attigeret,
776 3796 815 3847 uti
834 3795 898 3847 iecit
917 3794 1040 3848 Wollius
1057 3797 1091 3848 sd
1109 3797 1253 3852 Kusterum

276 3881 310 3934 ds
326 3879 426 3934 Verbis
439 3883 532 3936 mediis
547 3901 577 3951 p.
594 3885 653 3936 150.
670 3911 705 3928 -··
720 3879 842 3935 Reishius
861 3882 979 3951 ejusdem
996 3881 1071 3934 iliius
1086 3883 1253 3935 emendatio-

274 3963 317 4014 nis
334 3965 462 4017 meminit.
508 3965 573 4019 Vid.
599 3970 656 4037 ejus
679 3967 780 4018 Annot.
800 3965 834 4017 ad
859 3961 972 4032 Antiph.
990 3963 1009 4014 1.
1028 3965 1047 4016 l.
1064 3984 1091 4034 p.
1107 3968 1180 4033 639,
1198 3985 1254 4020 non

274 4043 408 4098 immerito
424 4046 467 4100 itti
482 4049 608 4117 quidem,
626 4045 762 4102 Reiskiunr
780 4054 807 4099 et
822 4046 968 4098 Heroldum
985 4046 1064 4113 dico,
1084 4048 1253 4116 dubitantes,

275 4144 310 4180 sn
327 4130 464 4198 ἐρανίζειν
489 4147 566 4182 sensu
592 4133 739 4200 conserendi
757 4147 817 4184 curn
833 4147 894 4184 essu
910 4137 1007 4198 quarto
1024 4133 1143 4184 construi
1159 4133 1252 4202 possit.

275 4209 355 4264 Conf.
373 4227 451 4278 supro
469 4211 495 4278 d.
514 4214 539 4264 8.
558 4210 585 4263 h.
605 4230 628 4264 o.
