<?xml version="1.0" encoding="UTF-8"?>
<!DOCTYPE html PUBLIC "-//W3C//DTD XHTML 1.0 Transitional//EN"
    "http://www.w3.org/TR/xhtml1/DTD/xhtml1-transitional.dtd">
<html xmlns="http://www.w3.org/1999/xhtml" xml:lang="en" lang="en">
 <head>
  <title>
</title>
<meta http-equiv="Content-Type" content="text/html;charset=utf-8" />
  <meta name='ocr-system' content='tesseract 3.04.00' />
  <meta name='ocr-capabilities' content='ocr_page ocr_carea ocr_par ocr_line ocrx_word'/>
</head>
<body>
  <div class='ocr_page' id='page_1' title='image "./specimenantiqua00holsgoog_0047.png"; bbox 0 0 2886 4826; ppageno 0'>
   <div class='ocr_carea' id='block_1_1' title="bbox 0 1181 2 2182">
    <p class='ocr_par' dir='ltr' id='par_1_1' title="bbox 0 1181 2 2182">
     <span class='ocr_line' id='line_1_1' title="bbox 0 1181 2 2182; baseline 0 0"><span class='ocrx_word' id='word_1_1' title='bbox 0 1181 2 2182; x_wconf 95' lang='lat' dir='ltr'><strong> </strong></span> 
     </span>
    </p>
   </div>
   <div class='ocr_carea' id='block_1_2' title="bbox 0 1181 2 2730">
    <p class='ocr_par' dir='ltr' id='par_1_2' title="bbox 0 1181 2 2730">
     <span class='ocr_line' id='line_1_2' title="bbox 0 1181 2 2730; baseline 0 0"><span class='ocrx_word' id='word_1_2' title='bbox 0 1181 2 2730; x_wconf 95' lang='lat' dir='ltr'><strong> </strong></span> 
     </span>
    </p>
   </div>
   <div class='ocr_carea' id='block_1_3' title="bbox 574 522 750 584">
    <p class='ocr_par' dir='ltr' id='par_1_3' title="bbox 574 522 750 584">
     <span class='ocr_line' id='line_1_3' title="bbox 574 522 750 584; baseline 0.028 -19"><span class='ocrx_word' id='word_1_3' title='bbox 574 522 750 584; x_wconf 80' lang='grc'>..33-</span> 
     </span>
    </p>
   </div>
   <div class='ocr_carea' id='block_1_4' title="bbox 172 697 1145 1619">
    <p class='ocr_par' dir='ltr' id='par_1_4' title="bbox 172 697 1145 890">
     <span class='ocr_line' id='line_1_4' title="bbox 172 697 1145 786; baseline 0.017 -22"><span class='ocrx_word' id='word_1_4' title='bbox 172 699 213 764; x_wconf 87' lang='lat' dir='ltr'><strong>id</strong></span> <span class='ocrx_word' id='word_1_5' title='bbox 242 699 348 784; x_wconf 90' lang='lat' dir='ltr'><strong>lieret,</strong></span> <span class='ocrx_word' id='word_1_6' title='bbox 378 697 417 763; x_wconf 89' lang='lat' dir='ltr'><strong>ad</strong></span> <span class='ocrx_word' id='word_1_7' title='bbox 441 700 664 786; x_wconf 80' lang='lat' dir='ltr'><strong>parsimoniam</strong></span> <span class='ocrx_word' id='word_1_8' title='bbox 688 703 854 770; x_wconf 90' lang='lat' dir='ltr'><strong>colendam</strong></span> <span class='ocrx_word' id='word_1_9' title='bbox 875 707 992 776; x_wconf 85' lang='lat' dir='ltr'><strong>hortari</strong></span> <span class='ocrx_word' id='word_1_10' title='bbox 1016 711 1145 780; x_wconf 79' lang='lat' dir='ltr'><strong>siderc-</strong></span> 
     </span>
     <span class='ocr_line' id='line_1_5' title="bbox 175 798 441 890; baseline 0 -24"><span class='ocrx_word' id='word_1_11' title='bbox 175 815 234 866; x_wconf 87' lang='lat' dir='ltr'><strong>tur</strong></span> <span class='ocrx_word' id='word_1_12' title='bbox 257 813 363 866; x_wconf 79' lang='lat' dir='ltr'>auctor</span> <span class='ocrx_word' id='word_1_13' title='bbox 384 798 441 890; x_wconf 87' lang='lat' dir='ltr'><strong>(l).</strong></span> 
     </span>
    </p>

    <p class='ocr_par' dir='ltr' id='par_1_5' title="bbox 173 907 1143 1619">
     <span class='ocr_line' id='line_1_6' title="bbox 222 907 1143 1004; baseline 0.02 -34"><span class='ocrx_word' id='word_1_14' title='bbox 222 907 330 988; x_wconf 84' lang='lat' dir='ltr'><strong>Quum</strong></span> <span class='ocrx_word' id='word_1_15' title='bbox 359 907 424 991; x_wconf 89' lang='lat' dir='ltr'><strong>jam</strong></span> <span class='ocrx_word' id='word_1_16' title='bbox 460 909 677 974; x_wconf 78' lang='lat' dir='ltr'>monuerimus</span> <span class='ocrx_word' id='word_1_17' title='bbox 706 911 845 976; x_wconf 78' lang='lat' dir='ltr'><strong>convivia</strong></span> <span class='ocrx_word' id='word_1_18' title='bbox 871 913 926 979; x_wconf 91' lang='lat' dir='ltr'><strong>illa</strong></span> <span class='ocrx_word' id='word_1_19' title='bbox 951 917 1143 1004; x_wconf 80' lang='lat' dir='ltr'><strong>simpliciora</strong></span> 
     </span>
     <span class='ocr_line' id='line_1_7' title="bbox 173 1010 1142 1102; baseline 0.013 -28"><span class='ocrx_word' id='word_1_20' title='bbox 173 1023 317 1096; x_wconf 90' lang='lat' dir='ltr'><strong>tempore</strong></span> <span class='ocrx_word' id='word_1_21' title='bbox 339 1031 501 1075; x_wconf 88' lang='lat' dir='ltr'><strong>sacrorum</strong></span> <span class='ocrx_word' id='word_1_22' title='bbox 520 1010 589 1074; x_wconf 88' lang='lat' dir='ltr'><strong>lieri</strong></span> <span class='ocrx_word' id='word_1_23' title='bbox 612 1013 716 1097; x_wconf 88' lang='lat' dir='ltr'><strong>solita,</strong></span> <span class='ocrx_word' id='word_1_24' title='bbox 739 1013 875 1078; x_wconf 86' lang='lat' dir='ltr'><strong>Graecos</strong></span> <span class='ocrx_word' id='word_1_25' title='bbox 891 1029 1012 1102; x_wconf 87' lang='lat' dir='ltr'><strong>postea,</strong></span> <span class='ocrx_word' id='word_1_26' title='bbox 1039 1023 1142 1086; x_wconf 92' lang='lat' dir='ltr'><strong>colle-</strong></span> 
     </span>
     <span class='ocr_line' id='line_1_8' title="bbox 175 1113 1140 1201; baseline 0.011 -25"><span class='ocrx_word' id='word_1_27' title='bbox 175 1115 234 1201; x_wconf 80' lang='lat' dir='ltr'><strong>giis</strong></span> <span class='ocrx_word' id='word_1_28' title='bbox 259 1114 464 1178; x_wconf 85' lang='lat' dir='ltr'><strong>eranistarum</strong></span> <span class='ocrx_word' id='word_1_29' title='bbox 486 1113 679 1200; x_wconf 86' lang='lat' dir='ltr'><strong>rigentibus,</strong></span> <span class='ocrx_word' id='word_1_30' title='bbox 706 1115 843 1181; x_wconf 87' lang='lat' dir='ltr'><strong>eundem</strong></span> <span class='ocrx_word' id='word_1_31' title='bbox 870 1139 990 1184; x_wconf 85' lang='lat' dir='ltr'><strong>morem</strong></span> <span class='ocrx_word' id='word_1_32' title='bbox 1017 1143 1140 1187; x_wconf 81' lang='lat' dir='ltr'><strong>serras-</strong></span> 
     </span>
     <span class='ocr_line' id='line_1_9' title="bbox 174 1217 1140 1308; baseline 0.006 -25"><span class='ocrx_word' id='word_1_33' title='bbox 174 1242 222 1302; x_wconf 89' lang='lat' dir='ltr'><strong>se,</strong></span> <span class='ocrx_word' id='word_1_34' title='bbox 255 1217 337 1282; x_wconf 92' lang='lat' dir='ltr'><strong>nulli</strong></span> <span class='ocrx_word' id='word_1_35' title='bbox 363 1217 439 1281; x_wconf 90' lang='lat' dir='ltr'><strong>licet</strong></span> <span class='ocrx_word' id='word_1_36' title='bbox 472 1217 607 1304; x_wconf 85' lang='lat' dir='ltr'><strong>collegio</strong></span> <span class='ocrx_word' id='word_1_37' title='bbox 644 1241 872 1307; x_wconf 80' lang='lat' dir='ltr'><strong>nonnunquam</strong></span> <span class='ocrx_word' id='word_1_38' title='bbox 904 1219 1082 1308; x_wconf 87' lang='lat' dir='ltr'><strong>adstrictos,</strong></span> <span class='ocrx_word' id='word_1_39' title='bbox 1115 1225 1140 1288; x_wconf 92' lang='lat' dir='ltr'><strong>si</strong></span> 
     </span>
     <span class='ocr_line' id='line_1_10' title="bbox 173 1317 1139 1407; baseline 0.007 -23"><span class='ocrx_word' id='word_1_40' title='bbox 173 1341 240 1384; x_wconf 88' lang='lat' dir='ltr'><strong>non</strong></span> <span class='ocrx_word' id='word_1_41' title='bbox 272 1317 416 1403; x_wconf 78' lang='lat' dir='ltr'><strong>aliunde,</strong></span> <span class='ocrx_word' id='word_1_42' title='bbox 452 1329 537 1382; x_wconf 88' lang='lat' dir='ltr'><strong>certe</strong></span> <span class='ocrx_word' id='word_1_43' title='bbox 570 1319 678 1406; x_wconf 86' lang='lat' dir='ltr'><strong>colligi</strong></span> <span class='ocrx_word' id='word_1_44' title='bbox 713 1331 814 1407; x_wconf 87' lang='lat' dir='ltr'><strong>potest</strong></span> <span class='ocrx_word' id='word_1_45' title='bbox 850 1345 887 1387; x_wconf 86' lang='lat' dir='ltr'><strong>ex</strong></span> <span class='ocrx_word' id='word_1_46' title='bbox 920 1324 1139 1392; x_wconf 84' lang='lat' dir='ltr'><strong>Romanorum</strong></span> 
     </span>
     <span class='ocr_line' id='line_1_11' title="bbox 175 1421 1139 1515; baseline 0.006 -26"><span class='ocrx_word' id='word_1_47' title='bbox 175 1421 403 1489; x_wconf 88' lang='lat' dir='ltr'><strong>consuetudine</strong></span> <span class='ocrx_word' id='word_1_48' title='bbox 426 1443 586 1486; x_wconf 88' lang='lat' dir='ltr'><strong>sacrorum</strong></span> <span class='ocrx_word' id='word_1_49' title='bbox 610 1443 683 1488; x_wconf 88' lang='lat' dir='ltr'><strong>cum</strong></span> <span class='ocrx_word' id='word_1_50' title='bbox 705 1427 806 1512; x_wconf 89' lang='lat' dir='ltr'><strong>epulis</strong></span> <span class='ocrx_word' id='word_1_51' title='bbox 827 1428 1139 1515; x_wconf 88' lang='lat' dir='ltr'><strong>conjungendorum,</strong></span> 
     </span>
     <span class='ocr_line' id='line_1_12' title="bbox 177 1525 1139 1619; baseline 0.014 -31"><span class='ocrx_word' id='word_1_52' title='bbox 177 1525 389 1590; x_wconf 76' lang='lat' dir='ltr'><strong>sodalitatibus</strong></span> <span class='ocrx_word' id='word_1_53' title='bbox 426 1525 608 1608; x_wconf 88' lang='lat' dir='ltr'><strong>contractis,</strong></span> <span class='ocrx_word' id='word_1_54' title='bbox 634 1527 739 1592; x_wconf 71' lang='lat' dir='ltr'><strong>‘simul</strong></span> <span class='ocrx_word' id='word_1_55' title='bbox 774 1551 811 1596; x_wconf 89' lang='lat' dir='ltr'><strong>ac</strong></span> <span class='ocrx_word' id='word_1_56' title='bbox 848 1553 937 1598; x_wconf 86' lang='lat' dir='ltr'><strong>sacra</strong></span> <span class='ocrx_word' id='word_1_57' title='bbox 974 1533 1139 1619; x_wconf 84' lang='lat' dir='ltr'><strong>cujusdam</strong></span> 
     </span>
    </p>
   </div>
   <div class='ocr_carea' id='block_1_5' title="bbox 86 1629 1235 3161">
    <p class='ocr_par' dir='ltr' id='par_1_6' title="bbox 86 1629 1235 3161">
     <span class='ocr_line' id='line_1_13' title="bbox 173 1629 1140 1722; baseline 0.01 -28"><span class='ocrx_word' id='word_1_58' title='bbox 173 1629 230 1694; x_wconf 80' lang='lat' dir='ltr'><strong>liei</strong></span> <span class='ocrx_word' id='word_1_59' title='bbox 264 1629 384 1694; x_wconf 86' lang='lat' dir='ltr'><strong>Deaeve</strong></span> <span class='ocrx_word' id='word_1_60' title='bbox 423 1640 524 1694; x_wconf 90' lang='lat' dir='ltr'><strong>essent</strong></span> <span class='ocrx_word' id='word_1_61' title='bbox 558 1643 696 1718; x_wconf 88' lang='lat' dir='ltr'><strong>accepta.</strong></span> <span class='ocrx_word' id='word_1_62' title='bbox 753 1633 805 1698; x_wconf 88' lang='lat' dir='ltr'><strong>Sic</strong></span> <span class='ocrx_word' id='word_1_63' title='bbox 840 1636 924 1722; x_wconf 91' lang='lat' dir='ltr'><strong>apud</strong></span> <span class='ocrx_word' id='word_1_64' title='bbox 955 1638 1140 1706; x_wconf 82' lang='lat' dir='ltr'><strong>Ciceronem</strong></span> 
     </span>
     <span class='ocr_line' id='line_1_14' title="bbox 175 1731 1139 1822; baseline 0.016 -28"><span class='ocrx_word' id='word_1_65' title='bbox 175 1731 209 1794; x_wconf 93' lang='lat' dir='ltr'><strong>in</strong></span> <span class='ocrx_word' id='word_1_66' title='bbox 241 1731 324 1796; x_wconf 88' lang='lat' dir='ltr'><strong>libro</strong></span> <span class='ocrx_word' id='word_1_67' title='bbox 359 1731 398 1796; x_wconf 83' lang='lat' dir='ltr'><strong>de</strong></span> <span class='ocrx_word' id='word_1_68' title='bbox 435 1733 621 1819; x_wconf 74' lang='lat' dir='ltr'><strong>Senectute,</strong></span> <span class='ocrx_word' id='word_1_69' title='bbox 664 1735 738 1801; x_wconf 85' lang='lat' dir='ltr'><strong>Cato</strong></span> <span class='ocrx_word' id='word_1_70' title='bbox 777 1738 875 1822; x_wconf 83' lang='lat' dir='ltr'><strong>Major</strong></span> <span class='ocrx_word' id='word_1_71' title='bbox 913 1739 1005 1808; x_wconf 89' lang='lat' dir='ltr'><strong>dicit:</strong></span> <span class='ocrx_word' id='word_1_72' title='bbox 1049 1741 1139 1808; x_wconf 85' lang='lat' dir='ltr'><strong>»So-</strong></span> 
     </span>
     <span class='ocr_line' id='line_1_15' title="bbox 175 1833 1138 1926; baseline 0.02 -32"><span class='ocrx_word' id='word_1_73' title='bbox 175 1833 350 1902; x_wconf 81' lang='lat' dir='ltr'><strong>»dols&#39;totss</strong></span> <span class='ocrx_word' id='word_1_74' title='bbox 383 1859 435 1899; x_wconf 83' lang='lat' dir='ltr'><strong>ms</strong></span> <span class='ocrx_word' id='word_1_75' title='bbox 471 1849 639 1926; x_wconf 75' lang='lat' dir='ltr'><strong>quaestore</strong></span> <span class='ocrx_word' id='word_1_76' title='bbox 673 1841 867 1906; x_wconf 81' lang='lat' dir='ltr'><strong>constitutas</strong></span> <span class='ocrx_word' id='word_1_77' title='bbox 899 1857 992 1922; x_wconf 84' lang='lat' dir='ltr'><strong>suut,</strong></span> <span class='ocrx_word' id='word_1_78' title='bbox 1029 1851 1138 1912; x_wconf 81' lang='lat' dir='ltr'><strong>sacris</strong></span> 
     </span>
     <span class='ocr_line' id='line_1_16' title="bbox 141 1935 1141 2036; baseline 0.013 -36"><span class='ocrx_word' id='word_1_79' title='bbox 141 2009 145 2014; x_wconf 47' lang='grc'><em>,</em></span> <span class='ocrx_word' id='word_1_80' title='bbox 175 1935 310 2002; x_wconf 83' lang='lat' dir='ltr'><strong>»Idaeis</strong></span> <span class='ocrx_word' id='word_1_81' title='bbox 331 1961 471 2026; x_wconf 74' lang='lat' dir='ltr'><strong>maprsas</strong></span> <span class='ocrx_word' id='word_1_82' title='bbox 495 1942 616 2004; x_wconf 75' lang='lat' dir='ltr'><strong>enutris</strong></span> <span class='ocrx_word' id='word_1_83' title='bbox 642 1945 792 2030; x_wconf 81' lang='lat' dir='ltr'><strong>acceptis.</strong></span> <span class='ocrx_word' id='word_1_84' title='bbox 837 1941 1016 2032; x_wconf 71' lang='lat' dir='ltr'><strong>Epulatus·</strong></span> <span class='ocrx_word' id='word_1_85' title='bbox 1036 1949 1141 2036; x_wconf 59' lang='grc' dir='ltr'><strong>ἐρίων</strong></span> 
     </span>
     <span class='ocr_line' id='line_1_17' title="bbox 175 2041 1137 2138; baseline 0.012 -34"><span class='ocrx_word' id='word_1_86' title='bbox 175 2064 273 2106; x_wconf 76' lang='lat' dir='ltr'><strong>›rmsm</strong></span> <span class='ocrx_word' id='word_1_87' title='bbox 293 2041 462 2108; x_wconf 78' lang='lat' dir='ltr'><strong>sodalibus</strong></span> <span class='ocrx_word' id='word_1_88' title='bbox 477 2045 610 2108; x_wconf 78' lang='lat' dir='ltr'><strong>cornino</strong></span> <span class='ocrx_word' id='word_1_89' title='bbox 625 2045 749 2110; x_wconf 85' lang='lat' dir='ltr'><strong>modios</strong></span> <span class='ocrx_word' id='word_1_90' title='bbox 771 2042 844 2136; x_wconf 49' lang='lat' dir='ltr'><strong>(²)ss</strong></span> <span class='ocrx_word' id='word_1_91' title='bbox 888 2047 970 2114; x_wconf 82' lang='lat' dir='ltr'><strong>ilino</strong></span> <span class='ocrx_word' id='word_1_92' title='bbox 995 2063 1137 2138; x_wconf 89' lang='lat' dir='ltr'><strong>apparet,</strong></span> 
     </span>
     <span class='ocr_line' id='line_1_18' title="bbox 174 2147 1138 2240; baseline 0.011 -30"><span class='ocrx_word' id='word_1_93' title='bbox 174 2157 290 2234; x_wconf 88' lang='lat' dir='ltr'><strong>quanta</strong></span> <span class='ocrx_word' id='word_1_94' title='bbox 314 2167 388 2210; x_wconf 90' lang='lat' dir='ltr'><strong>cum</strong></span> <span class='ocrx_word' id='word_1_95' title='bbox 412 2147 602 2231; x_wconf 89' lang='lat' dir='ltr'><strong>parsimonia</strong></span> <span class='ocrx_word' id='word_1_96' title='bbox 632 2171 688 2234; x_wconf 91' lang='lat' dir='ltr'><strong>per</strong></span> <span class='ocrx_word' id='word_1_97' title='bbox 713 2171 806 2214; x_wconf 90' lang='lat' dir='ltr'><strong>omne</strong></span> <span class='ocrx_word' id='word_1_98' title='bbox 832 2152 897 2217; x_wconf 86' lang='lat' dir='ltr'><strong>lere</strong></span> <span class='ocrx_word' id='word_1_99' title='bbox 922 2165 1045 2240; x_wconf 87' lang='lat' dir='ltr'><strong>tempus</strong></span> <span class='ocrx_word' id='word_1_100' title='bbox 1067 2155 1138 2220; x_wconf 91' lang='lat' dir='ltr'><strong>hu-</strong></span> 
     </span>
     <span class='ocr_line' id='line_1_19' title="bbox 168 2247 1235 2342; baseline 0.007 -30"><span class='ocrx_word' id='word_1_101' title='bbox 168 2247 307 2335; x_wconf 85' lang='lat' dir='ltr'><strong>jusmodi</strong></span> <span class='ocrx_word' id='word_1_102' title='bbox 345 2249 485 2315; x_wconf 85' lang='lat' dir='ltr'><strong>conriria</strong></span> <span class='ocrx_word' id='word_1_103' title='bbox 527 2251 687 2316; x_wconf 88' lang='lat' dir='ltr'><strong>celebrare</strong></span> <span class='ocrx_word' id='word_1_104' title='bbox 726 2251 821 2316; x_wconf 86' lang='lat' dir='ltr'><strong>suerit</strong></span> <span class='ocrx_word' id='word_1_105' title='bbox 855 2275 922 2316; x_wconf 89' lang='lat' dir='ltr'><strong>mos</strong></span> <span class='ocrx_word' id='word_1_106' title='bbox 963 2266 994 2318; x_wconf 89' lang='lat' dir='ltr'><strong>et</strong></span> <span class='ocrx_word' id='word_1_107' title='bbox 1030 2255 1136 2320; x_wconf 88' lang='lat' dir='ltr'><strong>decus.</strong></span> <span class='ocrx_word' id='word_1_108' title='bbox 1231 2335 1235 2342; x_wconf 19' lang='grc' dir='ltr'>ι</span> 
     </span>
     <span class='ocr_line' id='line_1_20' title="bbox 174 2348 1138 2437; baseline 0.007 -22"><span class='ocrx_word' id='word_1_109' title='bbox 174 2349 268 2432; x_wconf 87' lang='lat' dir='ltr'><strong>Quod</strong></span> <span class='ocrx_word' id='word_1_110' title='bbox 289 2348 328 2414; x_wconf 88' lang='lat' dir='ltr'><strong>ad</strong></span> <span class='ocrx_word' id='word_1_111' title='bbox 352 2349 446 2416; x_wconf 88' lang='lat' dir='ltr'><strong>hasce</strong></span> <span class='ocrx_word' id='word_1_112' title='bbox 471 2350 647 2416; x_wconf 79' lang='lat' dir='ltr'><strong>sodalitates</strong></span> <span class='ocrx_word' id='word_1_113' title='bbox 670 2354 795 2437; x_wconf 87' lang='lat' dir='ltr'><strong>attinet,</strong></span> <span class='ocrx_word' id='word_1_114' title='bbox 818 2355 891 2419; x_wconf 89' lang='lat' dir='ltr'><strong>illae</strong></span> <span class='ocrx_word' id='word_1_115' title='bbox 920 2356 999 2419; x_wconf 90' lang='lat' dir='ltr'><strong>mibi</strong></span> <span class='ocrx_word' id='word_1_116' title='bbox 1024 2356 1138 2422; x_wconf 87' lang='lat' dir='ltr'><strong>viden-</strong></span> 
     </span>
     <span class='ocr_line' id='line_1_21' title="bbox 173 2453 1137 2540; baseline 0.004 -21"><span class='ocrx_word' id='word_1_117' title='bbox 173 2467 225 2520; x_wconf 91' lang='lat' dir='ltr'><strong>tur</strong></span> <span class='ocrx_word' id='word_1_118' title='bbox 250 2453 344 2518; x_wconf 87' lang='lat' dir='ltr'><strong>sacris</strong></span> <span class='ocrx_word' id='word_1_119' title='bbox 372 2455 505 2538; x_wconf 87' lang='lat' dir='ltr'><strong>peractis</strong></span> <span class='ocrx_word' id='word_1_120' title='bbox 531 2477 594 2519; x_wconf 90' lang='lat' dir='ltr'><strong>non</strong></span> <span class='ocrx_word' id='word_1_121' title='bbox 617 2455 751 2540; x_wconf 89' lang='lat' dir='ltr'><strong>amplius</strong></span> <span class='ocrx_word' id='word_1_122' title='bbox 773 2456 929 2520; x_wconf 80' lang='lat' dir='ltr'><strong>exstitisse.</strong></span> <span class='ocrx_word' id='word_1_123' title='bbox 975 2457 1137 2538; x_wconf 88' lang='lat' dir='ltr'><strong>Quatenus</strong></span> 
     </span>
     <span class='ocr_line' id='line_1_22' title="bbox 171 2555 1136 2643; baseline 0 -20"><span class='ocrx_word' id='word_1_124' title='bbox 171 2579 243 2623; x_wconf 87' lang='lat' dir='ltr'><strong>vero</strong></span> <span class='ocrx_word' id='word_1_125' title='bbox 273 2557 355 2620; x_wconf 87' lang='lat' dir='ltr'><strong>inter</strong></span> <span class='ocrx_word' id='word_1_126' title='bbox 387 2555 481 2620; x_wconf 87' lang='lat' dir='ltr'><strong>hasce</strong></span> <span class='ocrx_word' id='word_1_127' title='bbox 513 2555 689 2620; x_wconf 85' lang='lat' dir='ltr'><strong>sodalitates</strong></span> <span class='ocrx_word' id='word_1_128' title='bbox 719 2567 750 2620; x_wconf 87' lang='lat' dir='ltr'><strong>et</strong></span> <span class='ocrx_word' id='word_1_129' title='bbox 776 2556 910 2643; x_wconf 82' lang='lat' dir='ltr'><strong>collegia</strong></span> <span class='ocrx_word' id='word_1_130' title='bbox 937 2558 1136 2624; x_wconf 83' lang='lat' dir='ltr'><strong>necessitudo</strong></span> 
     </span>
     <span class='ocr_line' id='line_1_23' title="bbox 173 2656 1137 2750; baseline 0.005 -26"><span class='ocrx_word' id='word_1_131' title='bbox 173 2659 326 2748; x_wconf 88' lang='lat' dir='ltr'><strong>quaedam</strong></span> <span class='ocrx_word' id='word_1_132' title='bbox 348 2656 539 2742; x_wconf 82' lang='lat' dir='ltr'><strong>intercedat,</strong></span> <span class='ocrx_word' id='word_1_133' title='bbox 562 2659 698 2746; x_wconf 82' lang='lat' dir='ltr'><strong>intelligi</strong></span> <span class='ocrx_word' id='word_1_134' title='bbox 723 2661 852 2746; x_wconf 91' lang='lat' dir='ltr'><strong>poterit,</strong></span> <span class='ocrx_word' id='word_1_135' title='bbox 883 2661 908 2724; x_wconf 88' lang='lat' dir='ltr'><strong>si</strong></span> <span class='ocrx_word' id='word_1_136' title='bbox 934 2660 973 2726; x_wconf 87' lang='lat' dir='ltr'><strong>de</strong></span> <span class='ocrx_word' id='word_1_137' title='bbox 996 2664 1137 2750; x_wconf 79' lang='lat' dir='ltr'><strong>collegiis</strong></span> 
     </span>
     <span class='ocr_line' id='line_1_24' title="bbox 86 2762 1137 2852; baseline 0 -22"><span class='ocrx_word' id='word_1_138' title='bbox 86 2783 89 2786; x_wconf 88' lang='grc'><em>·</em></span> <span class='ocrx_word' id='word_1_139' title='bbox 173 2766 396 2847; x_wconf 87' lang='lat' dir='ltr'><strong>eranistarum,</strong></span> <span class='ocrx_word' id='word_1_140' title='bbox 430 2762 469 2826; x_wconf 90' lang='lat' dir='ltr'><strong>ad</strong></span> <span class='ocrx_word' id='word_1_141' title='bbox 499 2783 581 2848; x_wconf 86' lang='lat' dir='ltr'><strong>quae</strong></span> <span class='ocrx_word' id='word_1_142' title='bbox 618 2775 649 2827; x_wconf 89' lang='lat' dir='ltr'><strong>et</strong></span> <span class='ocrx_word' id='word_1_143' title='bbox 676 2769 826 2829; x_wconf 70' lang='grc' dir='ltr'><strong><em>θιασῶται</em></strong></span> <span class='ocrx_word' id='word_1_144' title='bbox 854 2763 965 2828; x_wconf 87' lang='lat' dir='ltr'><strong>referri</strong></span> <span class='ocrx_word' id='word_1_145' title='bbox 988 2777 1137 2852; x_wconf 89' lang='lat' dir='ltr'><strong>possunt,</strong></span> 
     </span>
     <span class='ocr_line' id='line_1_25' title="bbox 174 2864 1135 2958; baseline 0.005 -28"><span class='ocrx_word' id='word_1_146' title='bbox 174 2865 338 2931; x_wconf 90' lang='lat' dir='ltr'><strong>clariorem</strong></span> <span class='ocrx_word' id='word_1_147' title='bbox 364 2864 455 2928; x_wconf 88' lang='lat' dir='ltr'><strong>nobis</strong></span> <span class='ocrx_word' id='word_1_148' title='bbox 484 2864 755 2930; x_wconf 81' lang='lat' dir='ltr'><strong>informaverimus</strong></span> <span class='ocrx_word' id='word_1_149' title='bbox 779 2868 940 2932; x_wconf 87' lang='lat' dir='ltr'><strong>notionem</strong></span> <span class='ocrx_word' id='word_1_150' title='bbox 966 2867 1022 2958; x_wconf 84' lang='lat'><strong>(3).</strong></span> <span class='ocrx_word' id='word_1_151' title='bbox 1067 2871 1135 2935; x_wconf 87' lang='lat' dir='ltr'><strong>Hoc</strong></span> 
     </span>
     <span class='ocr_line' id='line_1_26' title="bbox 172 2966 1135 3052; baseline 0.005 -18"><span class='ocrx_word' id='word_1_152' title='bbox 172 2979 274 3034; x_wconf 88' lang='lat' dir='ltr'><strong>tamen</strong></span> <span class='ocrx_word' id='word_1_153' title='bbox 299 2979 385 3034; x_wconf 90' lang='lat' dir='ltr'><strong>certo</strong></span> <span class='ocrx_word' id='word_1_154' title='bbox 412 2978 547 3052; x_wconf 89' lang='lat' dir='ltr'><strong>constat,</strong></span> <span class='ocrx_word' id='word_1_155' title='bbox 577 2966 671 3033; x_wconf 90' lang='lat' dir='ltr'><strong>hasce</strong></span> <span class='ocrx_word' id='word_1_156' title='bbox 702 2967 877 3034; x_wconf 89' lang='lat' dir='ltr'><strong>sodalitates</strong></span> <span class='ocrx_word' id='word_1_157' title='bbox 906 2969 1000 3035; x_wconf 85' lang='lat' dir='ltr'><strong>luisse</strong></span> <span class='ocrx_word' id='word_1_158' title='bbox 1027 2994 1135 3039; x_wconf 85' lang='lat' dir='ltr'><strong>revera</strong></span> 
     </span>
     <span class='ocr_line' id='line_1_27' title="bbox 171 3069 1135 3161; baseline 0.005 -25"><span class='ocrx_word' id='word_1_159' title='bbox 171 3073 331 3136; x_wconf 86' lang='lat' dir='ltr'><strong>societates</strong></span> <span class='ocrx_word' id='word_1_160' title='bbox 366 3069 533 3156; x_wconf 81' lang='lat' dir='ltr'><strong>voluptatis</strong></span> <span class='ocrx_word' id='word_1_161' title='bbox 567 3081 599 3134; x_wconf 92' lang='lat' dir='ltr'><strong>et</strong></span> <span class='ocrx_word' id='word_1_162' title='bbox 633 3070 776 3134; x_wconf 89' lang='lat' dir='ltr'><strong>utilitatis</strong></span> <span class='ocrx_word' id='word_1_163' title='bbox 810 3073 910 3157; x_wconf 83' lang='lat' dir='ltr'><strong>gratia</strong></span> <span class='ocrx_word' id='word_1_164' title='bbox 944 3087 1135 3161; x_wconf 89' lang='lat' dir='ltr'><strong>contractas,</strong></span> 
     </span>
    </p>
   </div>
   <div class='ocr_carea' id='block_1_6' title="bbox 176 3283 528 3300">
    <p class='ocr_par' dir='ltr' id='par_1_7' title="bbox 176 3283 528 3300">
     <span class='ocr_line' id='line_1_28' title="bbox 176 3283 528 3300; baseline 0 -5"><span class='ocrx_word' id='word_1_165' title='bbox 176 3283 528 3300; x_wconf 49' lang='grc' dir='ltr'><strong><em>Μ</em></strong></span> 
     </span>
    </p>
   </div>
   <div class='ocr_carea' id='block_1_7' title="bbox 162 3378 1139 4282">
    <p class='ocr_par' dir='ltr' id='par_1_8' title="bbox 162 3378 1139 4282">
     <span class='ocr_line' id='line_1_29' title="bbox 199 3378 1139 3453; baseline -0.002 -18"><span class='ocrx_word' id='word_1_166' title='bbox 199 3381 241 3450; x_wconf 87' lang='lat' dir='ltr'><strong>(l)</strong></span> <span class='ocrx_word' id='word_1_167' title='bbox 257 3379 404 3453; x_wconf 18' lang='lat' dir='ltr'><strong>,salmasius</strong></span> <span class='ocrx_word' id='word_1_168' title='bbox 426 3380 503 3448; x_wconf 76' lang='grc' dir='ltr'><em>ἑστιᾷ</em></span> <span class='ocrx_word' id='word_1_169' title='bbox 528 3379 626 3447; x_wconf 86' lang='lat' dir='ltr'><strong>accipit</strong></span> <span class='ocrx_word' id='word_1_170' title='bbox 649 3378 682 3430; x_wconf 91' lang='lat' dir='ltr'><strong>dc</strong></span> <span class='ocrx_word' id='word_1_171' title='bbox 707 3395 756 3444; x_wconf 87' lang='lat' dir='ltr'><strong>eo,</strong></span> <span class='ocrx_word' id='word_1_172' title='bbox 781 3379 828 3448; x_wconf 93' lang='lat' dir='ltr'><strong>qui</strong></span> <span class='ocrx_word' id='word_1_173' title='bbox 850 3396 899 3431; x_wconf 88' lang='lat' dir='ltr'><strong>suo</strong></span> <span class='ocrx_word' id='word_1_174' title='bbox 924 3385 1011 3432; x_wconf 85' lang='lat' dir='ltr'><strong>srurrtu</strong></span> <span class='ocrx_word' id='word_1_175' title='bbox 1036 3380 1139 3433; x_wconf 85' lang='lat' dir='ltr'><strong>sodales</strong></span> 
     </span>
     <span class='ocr_line' id='line_1_30' title="bbox 166 3459 1138 3532; baseline 0.002 -17"><span class='ocrx_word' id='word_1_176' title='bbox 166 3465 282 3532; x_wconf 80' lang='lat' dir='ltr'><strong>excipit,</strong></span> <span class='ocrx_word' id='word_1_177' title='bbox 310 3465 439 3516; x_wconf 83' lang='lat' dir='ltr'><strong>affirmans</strong></span> <span class='ocrx_word' id='word_1_178' title='bbox 464 3463 510 3512; x_wconf 81' lang='lat' dir='ltr'><strong>vix</strong></span> <span class='ocrx_word' id='word_1_179' title='bbox 535 3462 612 3518; x_wconf 80' lang='lat' dir='ltr'><strong>aliter</strong></span> <span class='ocrx_word' id='word_1_180' title='bbox 642 3459 702 3512; x_wconf 84' lang='lat' dir='ltr'><strong>lieri</strong></span> <span class='ocrx_word' id='word_1_181' title='bbox 727 3479 818 3530; x_wconf 83' lang='lat' dir='ltr'><strong>posse;</strong></span> <span class='ocrx_word' id='word_1_182' title='bbox 851 3460 927 3514; x_wconf 91' lang='lat' dir='ltr'><strong>nullo</strong></span> <span class='ocrx_word' id='word_1_183' title='bbox 959 3464 1029 3515; x_wconf 86' lang='lat' dir='ltr'><strong>cuim</strong></span> <span class='ocrx_word' id='word_1_184' title='bbox 1057 3465 1138 3518; x_wconf 87' lang='lat' dir='ltr'><strong>modo</strong></span> 
     </span>
     <span class='ocr_line' id='line_1_31' title="bbox 165 3543 1138 3615; baseline 0.005 -19"><span class='ocrx_word' id='word_1_185' title='bbox 165 3547 200 3596; x_wconf 88' lang='lat' dir='ltr'><strong>ait</strong></span> <span class='ocrx_word' id='word_1_186' title='bbox 217 3547 355 3598; x_wconf 88' lang='lat' dir='ltr'><strong>liberalem</strong></span> <span class='ocrx_word' id='word_1_187' title='bbox 375 3545 460 3599; x_wconf 87' lang='lat' dir='ltr'><strong>videri</strong></span> <span class='ocrx_word' id='word_1_188' title='bbox 476 3561 552 3608; x_wconf 85' lang='lat' dir='ltr'><strong>euro,</strong></span> <span class='ocrx_word' id='word_1_189' title='bbox 580 3543 628 3613; x_wconf 89' lang='lat' dir='ltr'><strong>qui</strong></span> <span class='ocrx_word' id='word_1_190' title='bbox 651 3560 713 3608; x_wconf 87' lang='lat' dir='ltr'><strong>eos,</strong></span> <span class='ocrx_word' id='word_1_191' title='bbox 741 3547 790 3615; x_wconf 91' lang='lat' dir='ltr'><strong>qui</strong></span> <span class='ocrx_word' id='word_1_192' title='bbox 814 3547 960 3614; x_wconf 77' lang='lat' dir='ltr'><strong>symbolam</strong></span> <span class='ocrx_word' id='word_1_193' title='bbox 982 3547 1011 3598; x_wconf 90' lang='lat' dir='ltr'><strong>in</strong></span> <span class='ocrx_word' id='word_1_194' title='bbox 1030 3563 1138 3601; x_wconf 78' lang='lat' dir='ltr'><strong>coenam</strong></span> 
     </span>
     <span class='ocr_line' id='line_1_32' title="bbox 166 3625 1136 3698; baseline 0.006 -20"><span class='ocrx_word' id='word_1_195' title='bbox 166 3628 307 3694; x_wconf 87' lang='lat' dir='ltr'><strong>dederint,</strong></span> <span class='ocrx_word' id='word_1_196' title='bbox 335 3629 457 3696; x_wconf 84' lang='lat' dir='ltr'><strong>excipiat.</strong></span> <span class='ocrx_word' id='word_1_197' title='bbox 501 3625 563 3698; x_wconf 75' lang='lat' dir='ltr'><strong>Qud</strong></span> <span class='ocrx_word' id='word_1_198' title='bbox 591 3626 719 3679; x_wconf 65' lang='lat' dir='ltr'><strong>sententia</strong></span> <span class='ocrx_word' id='word_1_199' title='bbox 743 3629 940 3696; x_wconf 86' lang='lat' dir='ltr'><strong>quodammodo</strong></span> <span class='ocrx_word' id='word_1_200' title='bbox 966 3631 1056 3694; x_wconf 85' lang='lat' dir='ltr'><strong>cadit,</strong></span> <span class='ocrx_word' id='word_1_201' title='bbox 1084 3634 1136 3684; x_wconf 83' lang='lat' dir='ltr'><strong>ad-</strong></span> 
     </span>
     <span class='ocr_line' id='line_1_33' title="bbox 166 3709 1137 3770; baseline 0.009 -10"><span class='ocrx_word' id='word_1_202' title='bbox 166 3709 246 3761; x_wconf 84' lang='lat' dir='ltr'><strong>dens:</strong></span> <span class='ocrx_word' id='word_1_203' title='bbox 276 3711 422 3763; x_wconf 78' lang='lat' dir='ltr'><strong>»Potuerit</strong></span> <span class='ocrx_word' id='word_1_204' title='bbox 453 3709 515 3762; x_wconf 82' lang='lat' dir='ltr'><strong>lieri</strong></span> <span class='ocrx_word' id='word_1_205' title='bbox 537 3718 567 3762; x_wconf 90' lang='lat' dir='ltr'><strong>ut</strong></span> <span class='ocrx_word' id='word_1_206' title='bbox 593 3710 707 3764; x_wconf 88' lang='lat' dir='ltr'><strong>invicem</strong></span> <span class='ocrx_word' id='word_1_207' title='bbox 732 3717 822 3762; x_wconf 86' lang='lat' dir='ltr'><strong>mutua</strong></span> <span class='ocrx_word' id='word_1_208' title='bbox 847 3713 917 3764; x_wconf 86' lang='lat' dir='ltr'><strong>inter</strong></span> <span class='ocrx_word' id='word_1_209' title='bbox 940 3731 967 3764; x_wconf 86' lang='lat' dir='ltr'><strong>se</strong></span> <span class='ocrx_word' id='word_1_210' title='bbox 992 3713 1137 3770; x_wconf 84' lang='lat' dir='ltr'><strong>factitarint</strong></span> 
     </span>
     <span class='ocr_line' id='line_1_34' title="bbox 164 3791 1134 3868; baseline 0.006 -24"><span class='ocrx_word' id='word_1_211' title='bbox 164 3811 180 3844; x_wconf 83' lang='lat' dir='ltr'><strong>o</strong></span> <span class='ocrx_word' id='word_1_212' title='bbox 189 3795 312 3848; x_wconf 82' lang='lat' dir='ltr'><strong>convivia</strong></span> <span class='ocrx_word' id='word_1_213' title='bbox 326 3795 472 3846; x_wconf 83' lang='lat' dir='ltr'><strong>eranistae.&#39;</strong></span> <span class='ocrx_word' id='word_1_214' title='bbox 478 3795 485 3818; x_wconf 90' lang='lat'>&#39;</span> <span class='ocrx_word' id='word_1_215' title='bbox 514 3791 579 3848; x_wconf 87' lang='lat' dir='ltr'><strong>Vid.</strong></span> <span class='ocrx_word' id='word_1_216' title='bbox 590 3793 622 3845; x_wconf 88' lang='lat' dir='ltr'><strong>de</strong></span> <span class='ocrx_word' id='word_1_217' title='bbox 631 3792 714 3848; x_wconf 90' lang='lat' dir='ltr'><strong>Usur.</strong></span> <span class='ocrx_word' id='word_1_218' title='bbox 726 3792 757 3845; x_wconf 83' lang='lat' dir='ltr'><strong>C.</strong></span> <span class='ocrx_word' id='word_1_219' title='bbox 767 3795 793 3844; x_wconf 83' lang='lat'><strong>3.</strong></span> <span class='ocrx_word' id='word_1_220' title='bbox 802 3813 828 3862; x_wconf 91' lang='lat' dir='ltr'><strong>p.</strong></span> <span class='ocrx_word' id='word_1_221' title='bbox 840 3797 883 3847; x_wconf 81' lang='lat'><strong>56.</strong></span> <span class='ocrx_word' id='word_1_222' title='bbox 911 3795 953 3850; x_wconf 84' lang='lat' dir='ltr'><strong>lta</strong></span> <span class='ocrx_word' id='word_1_223' title='bbox 963 3803 1067 3863; x_wconf 81' lang='lat' dir='ltr'><strong>tamen,</strong></span> <span class='ocrx_word' id='word_1_224' title='bbox 1086 3805 1134 3868; x_wconf 91' lang='lat' dir='ltr'><strong>ut,</strong></span> 
     </span>
     <span class='ocr_line' id='line_1_35' title="bbox 162 3877 1134 3952; baseline 0.01 -25"><span class='ocrx_word' id='word_1_225' title='bbox 162 3878 370 3948; x_wconf 83' lang='lat' dir='ltr'><strong>quotiescunque</strong></span> <span class='ocrx_word' id='word_1_226' title='bbox 387 3877 572 3943; x_wconf 87' lang='lat' dir='ltr'><strong>convenirent,</strong></span> <span class='ocrx_word' id='word_1_227' title='bbox 591 3878 724 3930; x_wconf 85' lang='lat' dir='ltr'><strong>communi</strong></span> <span class='ocrx_word' id='word_1_228' title='bbox 733 3883 819 3929; x_wconf 85' lang='lat' dir='ltr'><strong>sumtu</strong></span> <span class='ocrx_word' id='word_1_229' title='bbox 831 3879 864 3928; x_wconf 89' lang='lat' dir='ltr'><strong>ab</strong></span> <span class='ocrx_word' id='word_1_230' title='bbox 875 3895 927 3930; x_wconf 89' lang='lat' dir='ltr'><strong>uno</strong></span> <span class='ocrx_word' id='word_1_231' title='bbox 937 3896 970 3930; x_wconf 81' lang='lat' dir='ltr'><strong>ex</strong></span> <span class='ocrx_word' id='word_1_232' title='bbox 979 3881 1134 3952; x_wconf 84' lang='lat' dir='ltr'><strong>sodalibus,</strong></span> 
     </span>
     <span class='ocr_line' id='line_1_36' title="bbox 162 3961 1135 4036; baseline 0.008 -24"><span class='ocrx_word' id='word_1_233' title='bbox 162 3964 236 4030; x_wconf 88' lang='lat' dir='ltr'><strong>cujus</strong></span> <span class='ocrx_word' id='word_1_234' title='bbox 266 3968 352 4013; x_wconf 85' lang='lat' dir='ltr'><strong>essent</strong></span> <span class='ocrx_word' id='word_1_235' title='bbox 380 3962 469 4027; x_wconf 80' lang='lat' dir='ltr'><strong>vices,</strong></span> <span class='ocrx_word' id='word_1_236' title='bbox 498 3979 587 4016; x_wconf 86' lang='lat' dir='ltr'><strong>omnes</strong></span> <span class='ocrx_word' id='word_1_237' title='bbox 610 3962 805 4029; x_wconf 78' lang='lat' dir='ltr'><strong>exciperentur.</strong></span> <span class='ocrx_word' id='word_1_238' title='bbox 852 3961 893 4033; x_wconf 79' lang='lat'><strong>(2)</strong></span> <span class='ocrx_word' id='word_1_239' title='bbox 914 3961 980 4030; x_wconf 84' lang='lat' dir='ltr'><strong>Vid.</strong></span> <span class='ocrx_word' id='word_1_240' title='bbox 1005 3965 1069 4036; x_wconf 84' lang='lat' dir='ltr'><strong>Cap.</strong></span> <span class='ocrx_word' id='word_1_241' title='bbox 1092 3970 1135 4022; x_wconf 80' lang='lat'><strong>13.</strong></span> 
     </span>
     <span class='ocr_line' id='line_1_37' title="bbox 165 4033 1133 4117; baseline 0.009 -21"><span class='ocrx_word' id='word_1_242' title='bbox 165 4045 206 4113; x_wconf 77' lang='lat' dir='ltr'><strong>(a)</strong></span> <span class='ocrx_word' id='word_1_243' title='bbox 225 4033 292 4098; x_wconf 76' lang='lat' dir='ltr'><strong>via.</strong></span> <span class='ocrx_word' id='word_1_244' title='bbox 314 4052 400 4096; x_wconf 70' lang='lat' dir='ltr'><strong>tamen</strong></span> <span class='ocrx_word' id='word_1_245' title='bbox 423 4044 529 4098; x_wconf 72' lang='lat' dir='ltr'><strong>amem</strong></span> <span class='ocrx_word' id='word_1_246' title='bbox 556 4046 584 4097; x_wconf 77' lang='lat' dir='ltr'><strong>sn</strong></span> <span class='ocrx_word' id='word_1_247' title='bbox 611 4045 688 4100; x_wconf 66' lang='lat' dir='ltr'><strong>crau</strong></span> <span class='ocrx_word' id='word_1_248' title='bbox 713 4044 835 4098; x_wconf 63' lang='lat' dir='ltr'><strong>escoron.</strong></span> <span class='ocrx_word' id='word_1_249' title='bbox 853 4047 882 4098; x_wconf 81' lang='lat' dir='ltr'><strong>sn</strong></span> <span class='ocrx_word' id='word_1_250' title='bbox 899 4049 987 4103; x_wconf 75' lang='lat' dir='ltr'><strong>vocis.</strong></span> <span class='ocrx_word' id='word_1_251' title='bbox 1011 4051 1133 4117; x_wconf 72' lang='lat' dir='ltr'><strong>Sedato,</strong></span> 
     </span>
     <span class='ocr_line' id='line_1_38' title="bbox 163 4128 1135 4196; baseline 0.003 -15"><span class='ocrx_word' id='word_1_252' title='bbox 163 4131 311 4196; x_wconf 67' lang='lat' dir='ltr'><strong>Saturitas,</strong></span> <span class='ocrx_word' id='word_1_253' title='bbox 325 4130 491 4182; x_wconf 75' lang='lat' dir='ltr'><strong>Sodalittum.</strong></span> <span class='ocrx_word' id='word_1_254' title='bbox 511 4128 557 4182; x_wconf 88' lang='lat' dir='ltr'><strong>Sic</strong></span> <span class='ocrx_word' id='word_1_255' title='bbox 566 4129 660 4181; x_wconf 85' lang='lat' dir='ltr'><strong>Festus</strong></span> <span class='ocrx_word' id='word_1_256' title='bbox 669 4129 699 4180; x_wconf 91' lang='lat' dir='ltr'><strong>in</strong></span> <span class='ocrx_word' id='word_1_257' title='bbox 706 4147 732 4183; x_wconf 82' lang='lat' dir='ltr'><strong>v.</strong></span> <span class='ocrx_word' id='word_1_258' title='bbox 745 4130 867 4184; x_wconf 75' lang='lat' dir='ltr'><strong>Sedulus:</strong></span> <span class='ocrx_word' id='word_1_259' title='bbox 886 4132 1135 4184; x_wconf 82' lang='lat' dir='ltr'><strong>runasederc.’&#39;-</strong></span> 
     </span>
     <span class='ocr_line' id='line_1_39' title="bbox 163 4211 807 4282; baseline 0.002 -20"><span class='ocrx_word' id='word_1_260' title='bbox 163 4230 179 4262; x_wconf 83' lang='lat' dir='ltr'><strong>rs</strong></span> <span class='ocrx_word' id='word_1_261' title='bbox 191 4230 222 4264; x_wconf 85' lang='lat' dir='ltr'><strong>err</strong></span> <span class='ocrx_word' id='word_1_262' title='bbox 239 4231 287 4265; x_wconf 84' lang='lat' dir='ltr'><strong>suo</strong></span> <span class='ocrx_word' id='word_1_263' title='bbox 305 4213 418 4279; x_wconf 86' lang='lat' dir='ltr'><strong>dapibus</strong></span> <span class='ocrx_word' id='word_1_264' title='bbox 436 4211 507 4268; x_wconf 83' lang='lat' dir='ltr'><strong>vesci</strong></span> <span class='ocrx_word' id='word_1_265' title='bbox 524 4211 630 4268; x_wconf 85' lang='lat' dir='ltr'><strong>soliti.²’</strong></span> <span class='ocrx_word' id='word_1_266' title='bbox 652 4211 807 4282; x_wconf 69' lang='lat' dir='ltr'><strong>(edocerer).</strong></span> 
     </span>
    </p>
   </div>
   <div class='ocr_carea' id='block_1_8' title="bbox 1003 4300 1022 4357">
    <p class='ocr_par' dir='ltr' id='par_1_9' title="bbox 1003 4300 1022 4357">
     <span class='ocr_line' id='line_1_40' title="bbox 1003 4300 1022 4357; baseline 0 0"><span class='ocrx_word' id='word_1_267' title='bbox 1003 4300 1022 4357; x_wconf 92' lang='lat'><strong>5</strong></span> 
     </span>
    </p>
   </div>
   <div class='ocr_carea' id='block_1_9' title="bbox 0 0 1448 4826">
    <p class='ocr_par' dir='ltr' id='par_1_10' title="bbox 0 0 1448 4826">
     <span class='ocr_line' id='line_1_41' title="bbox 0 0 1448 4826; baseline 0 0"><span class='ocrx_word' id='word_1_268' title='bbox 0 0 1448 4826; x_wconf 95' lang='lat' dir='ltr'><strong> </strong></span> 
     </span>
    </p>
   </div>
  </div>
 </body>
</html>
