2904 4826
594 501 755 564 ...79-

192 685 352 774 δρλήματον
372 693 404 750 et
428 682 500 772 χρέο
522 683 573 750 ἐπὶ
596 684 694 758 τόνοις
715 679 853 746 distinxit
877 681 982 746 leucus
1006 676 1070 771 (l);
1098 677 1156 746 iti-

194 789 269 856 dem
298 783 523 853 Demosthenes
554 805 648 870 eum,
680 784 737 872 qni
767 784 884 853 multos
908 805 1032 868 cronos·
1045 783 1158 868 debet,

192 893 355 965 hominem
386 889 452 957 aeri
484 887 589 954 alieno
624 886 793 953 obnoxium
828 899 937 973 vocat,
965 885 1016 952 his
1038 885 1159 952 serbist

193 1003 397 1084 πονηρότατος
428 995 602 1079 ἀνθρώπων
633 996 757 1059 πάντων
791 993 872 1072 ἐστὶ,
898 993 951 1058 καὶ
979 994 1101 1076 totusue
1127 1013 1161 1054 τε

194 1103 315 1171 λέλοιπε
346 1099 521 1179 πλείστους,
551 1099 605 1162 καὶ
636 1100 785 1185 ὑπόχρεως
812 1095 880 1188 (olii
902 1091 1081 1184 ὑπέρχρεως)
1107 1094 1162 1175 γέ-

194 1231 264 1288 yon
292 1200 350 1294 (2).
402 1201 509 1283 Quare
540 1199 637 1286 igitur
664 1199 765 1270 λιπεῖν
791 1203 915 1289 ἐράνους
941 1199 1065 1266 dixisset
1094 1218 1162 1262 su-

196 1318 280 1392 otor,
303 1306 329 1372 si
357 1325 421 1368 uon
450 1312 553 1370 essent
582 1301 755 1388 reddendi,
775 1325 840 1370 non
869 1302 975 1386 sideo;
1004 1302 1052 1368 siu
1079 1296 1162 1368 illud

195 1418 321 1500 ἐράνους
346 1409 466 1474 uisam
490 1406 531 1472 od
556 1407 690 1497 collegio
717 1409 883 1500 erenistics
908 1410 1044 1475 relatum
1070 1406 1162 1489 selis,

195 1517 304 1582 nullus
340 1511 504 1580 intercedo
542 1523 574 1578 et
607 1512 668 1584 hec
703 1515 738 1580 in
775 1536 811 1580 re
840 1537 892 1580 me
921 1515 1041 1580 victum
1070 1509 1162 1577 dubo.

194 1618 293 1707 Atqui
323 1614 495 1682 videndum
525 1627 594 1700 est,
624 1637 688 1705 quo
712 1630 806 1706 pacto
835 1618 870 1684 id
891 1619 960 1684 fieri
983 1617 1097 1706 possit:
1128 1616 1164 1684 in

195 1720 400 1786 eranistesum
423 1718 509 1784 enim
536 1719 679 1807 collegiis
704 1733 832 1809 propter
853 1720 1164 1809 judiciaeronistics

195 1825 307 1891 aliosve
329 1843 437 1890 causas
461 1843 555 1888 nemo
577 1823 655 1909 plus,
675 1826 773 1890 semel
796 1827 906 1912 ἔρανον
930 1825 1029 1892 λιπεῖν
1051 1823 1162 1910 potnit.

194 1928 362 1992 Praeterea
393 1925 490 1992 verba
518 1931 642 2013 ἐράνους
671 1926 807 2010 λέλοιπε,
842 1949 906 2015 quo
930 1927 1030 2015 magis
1057 1935 1163 1992 nostro

195 2049 291 2094 erano
322 2029 527 2114 conveniunt,
560 2029 692 2094 minime
723 2029 947 2096 confundendo
980 2040 1053 2096 sunt
1088 2051 1164 2096 cum

196 2133 299 2200 serbis
321 2133 505 2209 ὑπολοίπους
529 2137 640 2218 φορὰς,
670 2131 709 2197 de
735 2132 852 2220 quibus
872 2155 966 2219 supro
987 2131 1055 2218 jem
1075 2129 1165 2196 vidi-

196 2259 269 2302 mus
296 2232 358 2324 (3):
396 2235 514 2300 etenim
553 2235 631 2300 licet
671 2238 777 2321 ἔρανος
804 2247 836 2301 et
866 2240 945 2322 φορὰ
975 2257 1163 2324 synonymae

196 2337 275 2422 sint,
311 2339 418 2424 ἔρανος
456 2347 561 2402 tomen
593 2357 657 2402 uon
696 2339 756 2403 nisi
790 2338 829 2404 de
867 2339 967 2406 solida
1003 2350 1163 2406 menstruo

196 2438 364 2526 pensione,
386 2459 482 2526 quam
508 2439 635 2525 collegii
658 2442 736 2505 socii
755 2443 789 2507 in
810 2464 916 2509 orcam
937 2443 1084 2519 mittunt,
1106 2444 1166 2507 in-

196 2539 365 2628 telligitur;
392 2561 493 2627 quum
518 2547 595 2624 φορὰ
617 2543 711 2608 etiem
732 2543 772 2610 de
796 2547 946 2632 pensione
974 2547 1080 2612 minus
1100 2548 1166 2612 ob-

197 2642 300 2709 solutd
333 2644 438 2731 accipi
474 2647 579 2712 soleae
609 2681 653 2696 -
681 2648 744 2714 Sed
769 2671 826 2714 vox
850 2655 928 2736 φορὰ
960 2650 1000 2716 sd
1034 2673 1186 2720 erenum,

197 2747 375 2814 amicorum
400 2769 565 2837 nunquam
590 2750 699 2815 reterri
724 2763 834 2838 potest.
863 2789 909 2804 --
935 2753 1059 2836 Quibus
1085 2775 1167 2842 per-

196 2851 326 2938 spectis,
343 2853 407 2918 loci
431 2853 653 2920 Demosthenei
676 2877 783 2921 sensus
805 2855 870 2922 huc
895 2855 992 2924 redit:
1013 2855 1168 2926 Sceleru-

199 2954 353 3020 tiees'msse
379 2969 430 3022 est
452 2960 603 3022 ουιπίυνπ
632 2957 821 3044 dominum,
851 2962 969 3048 quippe
990 2962 1051 3050 qus‘
1069 2962 1166 3026 mul-

198 3069 249 3122 toe
273 3080 409 3146 cronos,
431 3061 552 3150 quidue
579 3062 622 3127 od
647 3063 768 3126 amicis
793 3061 929 3150 οιζρυνυν
949 3075 1013 3148 ost,
1036 3065 1166 3131 reddero

195 3162 347 3250 πορὶὑρὺὑ,
369 3173 402 3228 st
420 3185 495 3229 vero
520 3165 621 3228 otiam
643 3165 715 3228 ossi
738 3164 845 3228 alieno
869 3163 1032 3230 οὑπουίυν
1057 3177 1114 3229 eet.

240 3264 341 3332 Aliter
362 3280 469 3334 umen
493 3268 581 3336 huno
607 3268 748 3335 Oratoris
771 3269 880 3332 locum
906 3268 1030 3355 occepit
1047 3269 1168 3332 Herel-

198 3367 257 3434 dus
290 3368 356 3461 (t),
393 3373 525 3438 minime
559 3373 615 3438 ille
647 3370 778 3460 quidem
812 3369 872 3436 sibi
904 3381 1065 3454 constans,
1093 3369 1167 3456 qui,

199 3495 300 3561 quum
337 3475 405 3562 jam
441 3488 533 3542 antea
566 3475 747 3542 affirmasset
781 3476 890 3559 ἔρανον
923 3495 989 3538 esse
1023 3471 1169 3538 redden-

196 3575 290 3664 dum,
317 3581 343 3644 si
375 3580 471 3646 omici
492 3579 633 3646 vicissim
655 3577 837 3666 indigerent
866 3575 942 3662 ipsi,
963 3585 1070 3661 posteo
1094 3593 1168 3638 sero

228 3882 271 3953 (l)
291 3881 336 3938 Dc
365 3881 480 3953 {legnice
504 3880 619 3936 heredit.
644 3900 674 3952 p.
691 3881 753 3934 293.
777 3896 818 3948 sq.
847 3877 916 3948 (88).
946 3873 1026 3928 Tom.
1045 3871 1115 3928 vll.
1137 3873 1171 3927 R.

194 3963 238 4034 (2)
258 3963 324 4019 vid.
344 3965 422 4022 Oret.
442 3969 504 4022 odv.
526 3967 672 4037 Aphobum
686 3968 723 4019 A.
739 3983 767 4034 p.
785 3963 847 4017 821.
866 3957 995 4012 Tom.11.
1013 3957 1063 4025 R„
1081 3958 1174 4030 ibique

193 4037 319 4100 Woldus
344 4047 373 4100 in
398 4049 527 4119 Apporst.
552 4051 613 4104 crit.
639 4049 667 4102 in
692 4041 868 4101 Demosthen.
896 4039 961 4096 vot.
990 4039 1030 4094 11.
1055 4057 1085 4112 p.
1109 4043 1172 4096 855.

195 4121 239 4192 (3)
258 4123 324 4181 viu.
348 4129 381 4183 G.
410 4127 450 4186 11.
478 4133 503 4201 ὑ.
523 4133 564 4186 11.
602 4131 643 4207 (t)
664 4129 731 4187 vid.
756 4127 899 4184 observat.
925 4127 960 4180 od
986 4125 1035 4180 dus
1061 4125 1118 4180 Au.
1145 4135 1172 4182 et

195 4207 274 4264 Rom.
293 4209 345 4266 Vi.
364 4215 390 4264 3.
