2886 4826
304 508 348 577 vt

301 713 470 788 Hernblus
492 712 528 786 iu
558 709 827 787 Observationum
850 721 880 786 el
907 711 1184 790 Emendationnm
1208 719 1274 792 Li-

301 857 374 930 bris
396 859 464 948 43,
487 857 553 946 44,
577 857 635 932 45.
664 858 743 934 Lus.
774 857 880 934 Paris.
907 883 996 932 anno
1022 883 1168 936 nnncxn
1191 860 1278 961 (1);

301 1026 361 1074 sua
392 997 564 1074 vindicare
589 1009 731 1072 conatus
758 1009 809 1072 est
834 997 1019 1073 Salmasius
1047 1000 1084 1072 in
1112 999 1270 1074 Mboellis

300 1140 534 1242 defensiombus
568 1149 600 1216 el
637 1137 922 1218 obrenuntiantes
953 1143 1002 1217 ad
1026 1141 1095 1217 Jus
1125 1143 1273 1218 Atticum

300 1295 330 1360 et
363 1285 554 1360 Romanum
587 1285 671 1384 Cep.
705 1285 744 1376 l,
768 1285 791 1359 2
813 1296 848 1358 et
871 1284 908 1362 3.
940 1285 1052 1386 Lugd.
1077 1287 1153 1362 But.
1182 1311 1274 1360 anno
1337 1373 1342 1380 ι

299 1449 496 1521 Mnoxnv3
522 1451 643 1502 rerum
669 1425 846 1527 respondit
865 1428 946 1501 sutis
965 1429 1084 1502 noerbe
1104 1429 1272 1504 Hernldus

302 1581 476 1668 totamque
502 1591 577 1640 enm
606 1594 679 1642 rem
702 1565 887 1642 dilucidam
909 1581 1048 1643 conatus
1069 1582 1121 1642 est
1146 1569 1181 1642 iu
1209 1570 1271 1642 Li-

301 1711 367 1782 bro
393 1711 458 1784 VI.
497 1706 825 1782 Animadversionem
853 1707 887 1780 in
923 1707 1077 1782 Salmasii
1104 1708 1270 1783 Observa-

302 1851 403 1924 tiones
429 1847 477 1925 od
500 1849 567 1923 Jus
591 1848 745 1924 AEticrrnr
768 1856 799 1922 et
821 1847 1031 1942 Roruanum,
1062 1875 1151 1953 qrree
1177 1864 1273 1922 nuto*

303 2019 408 2094 qnam
452 1989 630 2064 ederentur
670 1989 764 2066 diem
806 1990 895 2064 obiit
940 2015 1142 2091 supremum
1184 2019 1271 2072 enno

303 2156 508 2210 uncxmx.
556 2131 667 2208 Filius
692 2133 766 2232 ejus
796 2115 933 2206 Isaenu
963 2132 1152 2228 Hereldos,
1185 2163 1273 2210 nuno

302 2287 482 2377 sequente,
521 2275 579 2346 ens
614 2297 696 2350 cum
735 2271 973 2367 Quaestionum
1010 2275 1274 2378 qumaummn

305 2426 447 2496 tractatu
486 2418 565 2494 Lut.
599 2417 708 2494 Puris.
753 2415 790 2490 in
833 2413 946 2490 luoem
978 2416 1104 2494 emisio
1165 2421 1272 2502 Erunt

304 2563 448 2636 omnino
470 2559 636 2638 Deuderii
662 2557 802 2636 Hernltli
828 2556 953 2632 burum
982 2557 1270 2636 Observationum

305 2701 405 2774 Libri
439 2713 591 2800 septem,
626 2724 778 2802 quorum
806 2697 945 2825 quidam
969 2713 1185 2800 postremus,
1218 2707 1274 2803 (ut

207 2891 209 2894 -
305 2844 372 2918 hoc
406 2843 515 2918 obiter
553 2842 841 2934 animadvertam,
878 2869 949 2944 quo
975 2846 1085 2946 magis
1120 2845 1163 2919 de
1198 2845 1273 2919 Viri
1403 2833 1407 2846 ’

302 2985 475 3060 doctrinae
499 2985 597 3062 leude
626 2987 835 3062 celeberrimi
864 2985 1032 3062 Salmasio
1062 2987 1272 3062 obtrectandi

306 3131 420 3206 studio
444 3131 591 3228 constet)
618 3133 714 3206 omui
737 3157 860 3234 genera
874 3131 1121 3210 invectivarum
1141 3145 1193 3206 est
1217 3157 1274 3206 re-

306 3279 412 3350 tortus
427 3273 500 3377 (2).
548 3275 643 3349 Haeo
663 3273 706 3350 da
729 3277 912 3351 certamine
926 3275 1017 3394 dicta
1032 3288 1144 3351 sunto.
1188 3275 1273 3349 His-
1410 3343 1411 3392 ᾖ

305 3449 365 3513 oe,
388 3435 426 3495 nt
446 3397 532 3494 alios
545 3418 703 3510 mittem,
725 3417 854 3492 utiliter
868 3416 947 3492 addi
960 3429 1073 3518 potest
1087 3441 1118 3492 s.
1133 3436 1272 3528 numus

306 3563 568 3641 Commentarius
598 3563 645 3638 orl
677 3562 786 3666 Lenes
820 3561 951 3638 Atticas
983 3587 1019 3662 p.
1056 3559 1139 3636 524
1175 3583 1273 3657 sqq.‚

307 3710 367 3782 ubi
391 3729 688 3783 wnssnnrnnms
709 3706 747 3780 iu
765 3704 858 3780 noos
879 3701 945 3778 alin
965 3699 1137 3804 praeclare
1160 3697 1274 3771 anim-

341 3967 386 4040 (l)
406 3968 441 4026 Hi
455 3967 519 4024 libri
533 3967 624 4024 recusi
638 3975 702 4020 sunt
714 3964 741 4020 in
751 3961 925 4022 Ev.0ttonis
934 3961 1080 4020 Thesauro
1089 3958 1177 4027 turis,
1198 3943 1278 4014 Tem.

301 4068 340 4121 ll.
358 4084 387 4138 p.
410 4061 489 4121 1366.
507 4082 567 4138 sqq.
615 4060 661 4135 (2)
682 4060 761 4118 Cous.
784 4063 836 4118 Er.
862 4059 929 4118 ono
955 4054 1177 4115 in'Preelutione
1201 4051 1280 4109 Tbe-

301 4159 375 4217 sanri
393 4159 477 4230 loris,
498 4160 579 4216 Tora.
599 4158 638 4216 11.
657 4177 686 4234 p.
705 4173 770 4213 xvx.
789 4204 791 4210 .
