2886 4826
589 509 749 570 ..37-

12 679 16 730 s
166 689 271 758 haud
310 689 365 753 abs
396 709 431 751 re
466 707 531 750 esse
565 689 753 772 putaverim,
783 689 808 754 si
833 689 917 778 legas
940 695 1025 777 ίιρῶν
1046 696 1155 778 όργίον

11 791 14 822 '
166 795 330 862 κοινωνοί
346 798 368 876 ιγ’
387 796 518 870 ναῦται,
540 810 578 854 ιο
600 789 626 854 si
646 811 701 854 vos
722 795 860 860 κοινωνοί
882 792 1039 860 exciderit.
1085 798 1155 864 Cu·-

162 894 326 983 jusmodi
366 893 652 960 naviculariorum
701 912 834 979 corpora
873 893 954 960 inter
995 895 1156 964 Romanos

170 1020 319 1088 quoqne
352 997 447 1061 inisse
472 993 664 1082 frequentia,
692 1015 757 1058 non
782 1005 827 1060 est
848 1015 907 1060 our
931 995 1076 1082 pluribus
1101 997 1157 1064 di-

172 1123 300 1168 camus
315 1097 372 1190 (1).
403 1096 465 1162 Sed
482 1095 520 1160 de
538 1117 611 1162 vera
624 1095 761 1160 lectione
767 1094 915 1180 judicent
928 1098 1091 1184 peritiores
1101 1097 1158 1188 (2).

636 1200 664 1285 ς.
688 1201 718 1264 2.

223 1306 373 1392 Corpora
395 1307 457 1370 sive
482 1303 617 1391 collegio
642 1303 724 1368 inter
750 1301 956 1370 Athenienses
980 1305 1074 1372 luisse
1098 1331 1160 1375 vo-

170 1410 243 1493 ria,
274 1419 387 1475 auctor
413 1419 460 1472 est
481 1406 677 1491 Aristoteles,
700 1425 800 1494 quum
826 1404 912 1472 dicat
937 1408 998 1474 alia
1023 1409 1160 1498 collegia

174 1511 334 1576 utilitatis
355 1521 387 1575 et
410 1520 557 1598 quaestus
579 1509 695 1598 gratia,
724 1509 786 1574 alia
806 1520 870 1578 tam
893 1511 1037 1578 utilitatis
1063 1535 1160 1600 quom

174 1613 357 1699 voluptatis
380 1633 474 1678 causa
494 1613 677 1678 convenire:
700 1616 735 1676 αἱ
754 1615 812 1696 μὲν
835 1607 888 1682 osis
906 1615 1017 1698 ἄλλαι,
1039 1617 1159 1706 iuquit,

176 1717 349 1784 κοινωνίαι
383 1720 462 1782 κατὰ
487 1717 564 1802 μέρη
589 1724 643 1782 τοῦ
669 1707 870 1802 ονμφίροντοα
902 1721 1045 1801 ἐφίενοαί
1077 1721 1160 1806 οἷον,

178 1820 345 1906 πλωιῆρις
366 1822 440 1901 μὲν,
472 1825 525 1886 soei
548 1823 627 1885 κατὰ
653 1824 708 1888 τὸν
729 1820 843 1903 πλοῦν,
874 1828 895 1906 ἤ
920 1829 994 1910 πρὸς
1017 1830 1162 1910 ἐργασίαν

181 1928 367 2009 χρημάτων,
401 1928 422 2006 ἤ
455 1946 485 1986 τι
522 1929 658 1990 τοιοῦτον
692 1919 761 2012 (3),
796 1943 877 2010 qnae
910 1926 1044 2012 collegia
1074 1943 1162 1998 reete

181 2025 411 2092 animadvertit
435 2027 604 2093 Salmasius
629 2027 723 2092 luisse
744 2028 814 2094 illas
838 2033 978 2118 ίμπορῶν
1003 2037 1163 2114 κοινωνίας

182 2141 219 2194 et
244 2130 412 2216 ἑταιρείας,
446 2149 582 2216 quarum
604 2129 759 2196 dictales
783 2131 908 2198 Solonis
931 2136 1077 2203 meminit
1098 2137 1162 2228 (i);

185 2253 331 2322 namque
366 2233 413 2298 uti
448 2233 496 2297 illi
534 2233 686 2321 πίιοτῆρις
714 2245 786 2298 sunt
818 2243 944 2317 ναῦται,
978 2237 1023 2304 sio
1054 2261 1163 2306 omnes

186 2344 265 2427 πρὸς
302 2337 445 2424 ἐργασίαν
478 2341 637 2422 χρημάτων
670 2335 855 2402 societatem
891 2338 1053 2424 ineuntes,
1089 2352 1163 2406 sunt

189 2443 242 2508 illi
267 2445 318 2508 ἐπί
345 2440 432 2508 λείαν
459 2443 608 2524 οίχὸμενοι
637 2441 754 2522 sinodo
787 2441 934 2524 ἐμπορίαν
956 2436 1013 2528 (5).
1058 2441 1161 2508 Recte

189 2543 234 2610 ad
266 2538 449 2628 hujusmodi
485 2538 620 2626 collegia
653 2537 750 2604 refert
784 2538 965 2606 Aristoteles
989 2541 1072 2608 illud
1101 2547 1165 2612 τῶν

192 2653 374 2736 ἐρανιοιῶν,
407 2643 464 2730 qui
484 2654 626 2730 tempore
652 2665 815 2712 sacrorum
840 2647 970 2714 coibant
990 2645 1031 2714 ad
1055 2648 1163 2734 epulas

192 2773 259 2818 una
282 2747 487 2818 celebrandos
512 2746 577 2839 (6),
610 2771 685 2816 oum
710 2772 763 2816 eos
791 2751 917 2818 addicet
940 2753 979 2818 iis
1004 2753 1163 2841 collegiis,

225 2899 266 2968 (1)
286 2895 323 2952 V.
343 2897 378 2949 t'r.
398 2897 412 2947 1
430 2895 470 2948 D.
487 2896 561 2966 quod
578 2899 733 2968 cujuscunq.
751 2897 868 2954 univers.
884 2913 963 2964 nom;
988 2897 1023 2950 lr.
1042 2899 1114 2952 Η).
1134 2900 1168 2954 de

186 2997 289 3034 muner.
306 2987 333 3032 et
350 2977 454 3044 honor,
472 2977 508 3030 fr.
526 2981 554 3032 5.
574 2980 601 3045 §.
620 2983 646 3033 3.
665 2988 692 3032 et
710 2983 744 3032 ll
763 2982 801 3034 D.
821 2982 854 3034 de
871 2985 931 3052 jure
946 2983 1086 3052 immunit3
1104 2987 1168 3039 add.

189 3063 334 3118 Suetonius
360 3063 390 3116 in
415 3061 531 3115 Claudio
566 3060 599 3114 C.
624 3061 738 3116 xvnt.
792 3063 835 3136 (2)
864 3063 911 3118 sie
937 3063 1080 3120 Salmasius
1104 3069 1169 3138 legit

188 3147 324 3218 ἱεροποιοὶ
341 3147 358 3212 ἢ
376 3143 517 3217 torsisse·
554 3142 620 3197 vid.
636 3143 752 3199 Miscell.
770 3147 870 3200 defens.
890 3147 923 3200 C.
939 3150 965 3200 b.
985 3167 1013 3218 p.
1035 3152 1094 3204 100.
1112 3169 1168 3222 sq.;

189 3249 270 3300 quam
295 3229 437 3282 lectionem
464 3225 590 3296 probavit
617 3225 660 3280 cl.
685 3227 785 3279 Klenze
806 3227 1170 3299 l.1.—Byntershoekius

186 3315 216 3366 in
234 3313 350 3369 Observ.
369 3312 394 3364 Ι.
419 3311 461 3364 16.
481 3311 612 3380 vulgatam
631 3311 774 3363 lectionem
796 3319 900 3379 tuetur,
925 3331 1005 3384 quam
1021 3323 1170 3384 suspectum

189 3417 246 3452 esse
260 3397 430 3453 crediderim.
475 3397 519 3466 (3)
540 3395 653 3448 Aristot.
672 3393 915 3450 Ethie.v111.11.
952 3399 994 3468 (b)
1014 3399 1058 3452 De
1073 3399 1170 3455 Usuris

171 3465 222 3536 ὀ.
241 3485 267 3536 s.
292 3502 320 3553 p.
338 3483 382 3534 ιι.
419 3481 460 3551 (ο)
482 3481 535 3534 ιιι
552 3481 599 3532 ιιι
617 3480 696 3550 ostes
721 3482 824 3536 Potitus
841 3483 876 3536 ιι
892 3479 953 3534 nn.
975 3483 1033 3536 so.
1059 3503 1087 3552 p.
1106 3485 1167 3539 sse.

190 3568 254 3639 legit
277 3567 359 3619 istos.
396 3563 476 3619 Conf.
498 3571 585 3615 tamen
608 3561 799 3634 Wesselingius
817 3566 851 3618 ad
870 3563 901 3617 h.
920 3565 940 3616 l.
978 3566 1019 3636 (6)
1040 3564 1166 3633 Sumtus,

190 3669 258 3720 quos
286 3649 458 3719 requirebant
483 3645 631 3711 sacrificia,
666 3665 699 3698 ex
725 3665 848 3718 agrorum
875 3663 1010 3700 sacrorum
1037 3647 1169 3701 reditibus

191 3735 326 3788 interdum
347 3734 408 3787 fieri
425 3733 523 3798 solere,
553 3738 702 3784 auctorest
723 3731 854 3785 Isocrates
870 3731 899 3784 in
916 3730 1046 3800 Areopag.
1065 3731 1098 3784 C.
1116 3733 1167 3800 11,

190 3821 238 3872 ubi
262 3819 362 3889 egregie
386 3817 523 3872 annotarit
544 3815 663 3870 Doctiss.
682 3815 875 3888 Bergmsnnus,
902 3822 1059 3884 praeceptor
1077 3835 1169 3888 quon.

192 3907 253 3959 dem
278 3921 353 3957 meus
379 3901 618 3955 aestumatissimus.
657 3898 724 3954 vid.
752 3903 809 3970 ejus
835 3898 951 3968 Specim.
971 3899 1096 3954 Academ.
1123 3902 1169 3954 io.

191 3977 249 4060 ουρ.
285 3985 415 4042 exhibens
448 3985 572 4039 isocratis
611 3983 842 4052 Areopagiticum,
879 3987 931 4034 cet.
970 3979 1005 4034 L.
1030 3981 1061 4037 Β.
1089 3986 1167 4040 1819.

192 4091 220 4140 p.
239 4074 299 4126 146.
334 4070 390 4126 Sed
407 4067 473 4124 haec
490 4087 545 4122 non
563 4069 687 4132 obstant,
706 4063 863 4136 quominus
880 4062 984 4118 sodales
1001 4083 1074 4120 suam
1090 4067 1168 4138 quis·

191 4174 245 4224 que
263 4159 414 4225 pensionem
431 4157 459 4210 in
478 4173 565 4208 arcam
584 4153 716 4223 quendem
732 4166 896 4206 communem
910 4149 1041 4219 ίιιίιιιοι,
1064 4151 1099 4206 de
1115 4169 1166 4224 qus

192 4240 334 4294 collatione
352 4242 421 4294 cons.
440 4239 509 4294 iulro
528 4241 554 4308 ᾗ.
573 4241 599 4292 5.
618 4257 676 4309 sqq.
