2886 4826
665 495 803 556 *2*

252 692 317 760 'res3
340 677 417 766 quin
439 676 533 740 etiam
549 673 610 740 lroc
632 697 709 762 opus
731 677 756 740 si
776 677 1037 763 perspexerimus,
1060 689 1092 742 et
1110 699 1214 766 quana

253 781 326 845 dam
361 780 451 844 nobis
493 801 567 844 cunr
603 795 648 843 eo·
676 780 919 844 contraxerimus
955 781 1214 869 familiaritatem,

250 888 443 973 reperiemus
465 905 517 947 eos
537 882 718 947 affinitatem
739 884 877 948 Graecae
898 885 1025 970 linguae
1047 906 1121 948 cum
1139 885 1216 950 Ori-

251 989 407 1054 entalibus
437 985 553 1072 linguis
582 996 731 1070 statuere,
769 985 823 1050 sed
852 987 897 1050 ita
932 987 1076 1073 quidem,
1110 999 1146 1051 ut
1180 989 1215 1052 in

251 1095 362 1159 vitium
385 1092 554 1157 inciderint
579 1092 779 1156 contrarium.
824 1092 1000 1178 Utrumque
1030 1107 1126 1177 quant
1150 1113 1214 1176 pe-

253 1201 427 1263 riculosum
456 1197 506 1278 sit,
531 1195 610 1282 quid
635 1207 696 1279 est,
719 1193 805 1282 quod
830 1191 1034 1258 moneamus?

209 1373 217 1398 r
297 1301 342 1363 Ne
367 1299 436 1386 quis
462 1309 567 1362 tamen
589 1295 661 1360 ideo
684 1307 789 1382 putet,
810 1295 1065 1385 melhujusmodi
1088 1309 1215 1386 etymo-

252 1403 370 1488 logiam
401 1400 610 1486 improbatam
637 1401 737 1464 relle:
767 1411 889 1463 tanturn
918 1403 1003 1466 enim
1042 1401 1144 1488 abest,
1180 1415 1216 1467 nt

253 1523 480 1592 nonnunquam
505 1500 686 1566 audaciores
711 1501 771 1566 hac
795 1503 828 1566 in
854 1525 888 1566 rc
906 1525 979 1599 lesse
1001 1507 1094 1591 longe
1117 1528 1216 1592 prae-

254 1618 332 1691 stet,
365 1626 461 1691 quam
492 1603 672 1668 inveniendi
699 1603 879 1690 periculum
912 1605 1004 1669 citius
1033 1627 1129 1692 quam
1159 1629 1216 1693 par
1251 1621 1253 1632 '

254 1720 300 1772 est
324 1708 453 1772 missurn
471 1708 590 1772 facere:
614 1706 700 1772 unde
732 1717 914 1796 sequeretur
935 1719 971 1770 ut
1001 1730 1115 1776 recum
1144 1713 1215 1776 ori-

254 1813 376 1900 ginem,
392 1811 438 1876 ad
469 1833 603 1898 quarum
625 1813 752 1898 stirpem
781 1810 938 1875 difficilior
960 1825 1038 1876 esset
1058 1835 1214 1900 accessus,-

253 1940 290 1982 ex
324 1917 444 1982 Graeca
477 1918 587 2005 lingua
619 1919 852 1983 exterminatam
895 1928 1083 2002 putaremus.
1144 1921 1215 2000 Quo
1324 1919 1325 1924 ’

254 2021 391 2108 denique
419 2019 522 2104 lieret,
554 2031 590 2085 ut
626 2020 788 2106 cujusdam
816 2020 943 2106 linguae
972 2019 1115 2084 vetustati
1140 2018 1218 2084 fides
1257 2026 1263 2039 '
1331 2015 1333 2018 ”

220 2104 320 2192 scine
349 2127 416 2192 ulla
443 2127 564 2190 ratione
588 2149 713 2213 prorsus
737 2126 953 2211 denegaretur.
999 2123 1218 2189 Obsoletarum

253 2229 350 2316 igitur
372 2227 515 2314 stirpium
540 2230 619 2293 ratio
641 2228 786 2293 habenda
807 2249 881 2291 cnm
907 2227 963 2309 sit,
982 2226 1019 2289 in
1042 2228 1126 2291 vocis
1152 2233 1220 2314 ε’ῥά-

252 2359 309 2402 ιον
340 2332 567 2421 significatione
591 2329 780 2418 exponenda
810 2329 856 2392 nil
889 2328 1075 2392 intentatum
1113 2331 1219 2393 relin-

253 2461 394 2528 quantus
450 2439 555 2520 Quare
587 2435 626 2501 ad
658 2433 852 2523 propositum
882 2429 1086 2516 accedamus,
1116 2432 1161 2497 ita
1181 2441 1217 2495 ut
1299 2487 1304 2502 ,

252 2564 308 2606 vox
332 2541 437 2627 ἕριιίος
462 2539 688 2626 etymologica,
711 2536 789 2668 qnid
814 2537 866 2620 sit,
891 2547 922 2598 et
953 2535 1037 2600 unde
1064 2531 1217 2623 originem

254 2644 363 2726 ducat,
385 2642 520 2727 intelligi
539 2642 689 2727 possit.

193 2777 194 2780 ¹
267 2747 362 2809 Hac
399 2743 438 2806 de
474 2764 508 2804 re
539 2763 639 2828 quum
674 2741 728 2805 alii
753 2744 841 2808 aliter
861 2744 1023 2829 judicent,
1042 2689 1215 2807 ridendum

255 2861 315 2933 est,
348 2843 506 2934 quomodo
541 2845 598 2908 illa
627 2843 771 2931 suffragia
801 2848 919 2933 possint
955 2846 1111 2932 componi.
1152 2842 1219 2907 Sed

255 2971 355 3038 quum
383 2945 462 3010 mihi
490 2946 651 3010 literarum
680 2946 800 3011 rudiori
830 2951 1015 3013 sententiam
1046 2949 1127 3012 ferre
1153 2968 1218 3010 non

255 3052 363 3116 datum
386 3049 440 3133 sit,
463 3047 566 3112 dicam
590 3060 714 3135 tamen,
739 3050 764 3112 si
793 3051 871 3138 quid
889 3049 1013 3134 ridere,
1037 3050 1123 3137 quod
1143 3073 1218 3115 sen-

255 3155 340 3220 tiam.

692 3259 720 3343 ς.
746 3263 773 3323 1.
1075 3307 1077 3312 .

300 3362 366 3430 Vox
389 3361 514 3444 l'poooe,
537 3367 612 3422 teste
636 3358 818 3446 Etymologo
837 3359 874 3424 rt.
891 3355 953 3448 (1),
975 3359 1019 3424 ita
1040 3357 1218 3444 exponitur:

257 3469 317 3531 ἀπὸ
339 3470 390 3530 τοῦ
413 3471 540 3549 συνερᾷν
562 3466 614 3528 καὶ
638 3467 796 3548 ἐπιθυμεῖν
819 3466 871 3527 καὶ
893 3463 1090 3548 συνιιςφέρειι
1110 3489 1140 3526 τι
1157 3467 1219 3536 τοῖς

259 3571 356 3652 φίλοις
383 3566 435 3634 καὶ
463 3572 646 3655 εὐωχεῖσθαι.
691 3569 786 3634 ’And
808 3573 861 3632 τοῦ
898 3571 971 3651 iqui,
1009 3570 1043 3631 τὸ
1069 3568 1217 3650 ἐπιθυμῶ

257 3679 278 3739 ὁ
301 3673 438 3754 μέλλων,
471 3675 570 3757 todem
596 3673 628 3748 ἐξ
654 3673 744 3738 αὐτοῦ
768 3671 882 3756 l'povor'
911 3680 956 3732 est
983 3668 1083 3752 enims,
1115 3679 1151 3732 ut
1176 3668 1219 3740 ait

258 3776 296 3838 ll.
322 3774 495 3859 Stephanus
520 3772 579 3864 (2),
601 3775 745 3858 illorum,
773 3773 829 3860 qui
856 3777 943 3860 Ιἐρῶσι
971 3775 1022 3838 καὶ
1046 3777 1222 3857 ἐπιθυμοῦσι

261 4015 606 4034 m

291 4100 332 4168 (1)
354 4097 426 4231 Iup.
434 4095 563 4166 ”Epaone
600 4094 640 4166 (2)
662 4095 694 4148 ln
703 4093 782 4149 Thes
793 4095 909 4165 Linguae
919 4095 1083 4156 Graecaev
1088 4093 1223 4166 tepere,

252 4185 317 4238 adit
338 4183 395 4248 Aug
