2886 4826
672 495 832 556 ..30-

267 681 399 760 γομικῶς
425 683 529 745 ἑστιῶν
551 675 607 764 (l).
653 677 740 740 lieet
765 675 861 761 igilur
888 671 927 738 de
953 694 1058 761 coquo
1085 678 1232 764 loquatur

264 780 461 865 Aristoteles,
493 781 626 846 dubium
662 801 727 844 non
759 789 821 860 est,
857 777 934 864 quin
969 777 1102 843 verbnm
1130 787 1233 866 ἑστιᾷν

266 886 308 951 ad
335 887 606 974 Symposiaroham
631 887 670 950 sit
690 881 908 966 referendum,
936 880 975 948 ad
1000 903 1102 946 unum
1126 885 1233 949 nimi-

265 1013 337 1054 rum
366 992 583 1076 convivorum,
616 1011 713 1078 quem
750 985 966 1074 coquinarium
998 997 1097 1050 artem
1133 1009 1231 1052 exer-

266 1095 366 1160 cuisse
399 1097 575 1162 verosimile
607 1117 670 1160 uon
706 1106 760 1158 est.
829 1093 934 1173 Quare
965 1090 1045 1156 illud
1078 1095 1146 1178 περὶ
1177 1099 1232 1158 τοῦ

235 1185 437 1288 'posadum
461 1179 525 1266 uun
552 1199 630 1264 adeo
659 1215 799 1286 coquum
827 1195 1003 1282 significare
1031 1196 1232 1260 existimate-
1259 1245 1265 1272 ,

264 1306 340 1386 rim;
362 1325 472 1386 verum
496 1302 657 1384 oudinum,
680 1301 701 1364 i.
726 1321 752 1364 e.
783 1319 909 1363 omnem
937 1319 1055 1363 coenae
1076 1295 1232 1383 parandae

265 1429 393 1483 curam,
416 1405 520 1493 qualis
551 1404 712 1488 provincia
747 1403 880 1468 convivii
907 1399 1066 1488 praefecto
1098 1397 1233 1464 manda-

263 1523 351 1576 retur
373 1507 428 1600 (2).
475 1510 508 1574 Si
544 1510 640 1596 igitur
663 1514 769 1578 ἑστιῶν
799 1507 971 1572 conciliare
999 1505 1130 1570 velimus
1157 1523 1232 1566 cnm

262 1612 411 1701 llosyrhii
432 1612 689 1696 interpretatione
710 1614 828 1698 eponae·
850 1615 886 1676 τὸ
908 1613 969 1676 ded
989 1611 1075 1693 μέρος
1089 1608 1230 1685 delusos,

263 1717 338 1781 inde
371 1713 450 1780 mihi
484 1712 718 1802 quodammodo
743 1713 817 1778 elici
842 1733 932 1799 posse
959 1709 1096 1793 ridetur,
1120 1699 1232 1771 conli-
1336 1711 1339 1718 '

264 1843 316 1886 vus
354 1841 386 1884 se
421 1819 548 1884 alternis
571 1817 696 1882 vicibus
727 1817 900 1903 excepisse:
933 1818 994 1883 οἰοὰ
1025 1815 1113 1898 μέρος
1145 1810 1232 1874 enim

215 1968 219 1982 ,
264 1922 419 2009 siguificat
445 1923 584 1987 alternis
608 1920 735 1985 uiuidus
757 1917 820 2008 (3),
843 1940 907 2005 qua
927 1915 1160 2004 significatione·
1174 1933 1233 1980 ae·-

265 2025 330 2111 cipi
354 2045 482 2113 quoque
505 2035 606 2111 polest
632 2029 709 2089 κατὰ
729 2025 826 2109 μέρος.
859 2019 1094 2102 ·Qnodtamen
1116 2017 1233 2105 siquis

295 2269 337 2338 (l)
356 2267 391 2321 L.
412 2267 464 2322 IV.
489 2288 512 2322 c.
531 2271 557 2322 6.
577 2267 666 2322 Euhie.
686 2269 750 2321 edit.
769 2265 901 2321 Duvallii.
939 2266 981 2335 (2)
1002 2265 1047 2319 sic
1065 2267 1097 2318 ad
1117 2265 1235 2336 Sympo—

260 2351 389 2406 sisrchsm
413 2354 520 2409 videtur
546 2352 716 2406 referendum
744 2351 813 2406 illud
833 2349 935 2402 Eubuli
960 2350 988 2400 iu
1012 2347 1151 2418 Oedipode
1167 2350 1239 2419 opud

264 2437 429 2492 Athenaeum
445 2436 480 2490 L.
499 2435 553 2490 Vl.
570 2456 598 2505 p.
617 2437 679 2490 2³9.
700 2437 734 2488 A.

354 2521 448 2579 “Oetae
467 2520 550 2570 d‘tut
569 2520 684 2570 δοῖπνον
703 2519 720 2583 ἢ
737 2519 816 2578 pilos
833 2518 886 2567 τιν’
903 2517 919 2581 ἢ
936 2517 1012 2574 ξένον

358 2603 499 2661 Καλέσας,
518 2602 618 2651 ἔπειτα
635 2600 773 2672 συμβολὰς
790 2600 942 2669 ἐπράξατο,

307 2735 310 2740 Δ
360 2683 452 2748 &eorde
469 2683 590 2747 planato,
609 2682 697 2748 μηδὲν
715 2681 830 2732 οἴκοθεν
849 2681 956 2743 λαβὼν.

262 2769 306 2822 lld
333 2758 575 2834 symposiarclsem,
607 2780 622 2812 a
653 2779 708 2831 quo
734 2779 832 2814 coense
863 2781 927 2814 cure
950 2759 1063 2830 incipit,
1094 2761 1238 2829 respexisse

262 2866 369 2918 quoque
393 2847 501 2901 uidetur
521 2846 614 2909 Pluto,
642 2845 671 2896 in
690 2843 849 2914 SymposiO,
876 2864 903 2912 p.
925 2847 984 2897 177.
1004 2841 1058 2910 D.,
1084 2846 1131 2897 ubi
1150 2842 1239 2896 Phae-

261 2935 340 2985 drum
363 2931 430 2983 dicit
446 2926 641 2998 Eryximaclrus
658 2948 712 2982 esse
729 2936 852 2984 sermonis
865 2939 992 3000 putrem:
1011 2932 1091 2982 doust
1107 2930 1158 2998 γάρ
1177 2947 1237 2990 μοι,

259 3014 367 3084 inquit,
396 3011 510 3063 ἕκαστον
536 3011 609 3076 ἡμῶν
632 3011 712 3078 λόγον
737 3016 923 3064 ἀπήνη...
944 3013 1039 3084 ἄρχειν
1060 3011 1092 3064 δὲ
1113 3011 1239 3080 Φαῖδρον

259 3097 385 3173 πρῶτον,
403 3096 501 3162 ἐπειδὴ
520 3097 567 3146 καλ
586 3097 690 3165 πρῶτος
710 3098 891 3161 κατάκειται,
912 3097 960 3146 καὶ
978 3097 1052 3148 ἔστιν
1072 3097 1128 3157 ἅμα
1144 3098 1238 3163 πατὴρ

260 3180 311 3230 τοῦ
337 3178 428 3244 λόγου.
474 3177 562 3248 Quem
588 3181 706 3231 Platonis
724 3181 814 3232 locum
837 3176 1028 3232 Stallhoumius
1046 3175 1113 3230 mihi
1132 3178 1240 3233 videtur

260 3261 382 3314 retulisse
408 3261 442 3312 ed
467 3261 541 3314 aliud
564 3261 637 3313 erani
664 3279 761 3330 genus,
789 3279 842 3332 quo
866 3262 943 3314 amici
969 3261 1041 3331 egeni
1064 3263 1237 3328 juvarentur:

260 3361 315 3396 non
333 3344 403 3395 euim
421 3344 540 3413 alioquin
556 3344 706 3396 Casauboni
723 3346 852 3397 niteretur
870 3346 1022 3398 testimonio
1044 3345 1090 3414 (ed
1100 3343 1239 3415 Theophr.

261 3426 343 3481 Char.
365 3427 397 3480 C.
410 3427 473 3479 XV.
492 3429 579 3500 Μ).
615 3428 679 3500 Quo
696 3432 805 3500 quidem
823 3433 901 3485 facile
923 3431 1018 3483 referri
1035 3437 1140 3497 potest,
1159 3448 1242 3498 prae-

261 3515 352 3567 sertim
370 3513 393 3565 si
412 3514 447 3564 ob
465 3513 557 3565 oculos
574 3511 733 3580 habeamus,
754 3519 841 3569 omnis
857 3519 929 3569 eraui
945 3533 1037 3586 genera
1052 3533 1067 3566 a
1083 3513 1239 3582 simpliciori

260 3600 356 3670 ἐράνου
374 3613 507 3660 manasse,
527 3614 643 3664 quocum
659 3598 754 3668 i'purol
771 3601 915 3653 amicorum
929 3615 1070 3668 egenorum
1081 3598 1150 3648 ineo
1159 3613 1240 3664 prse-

262 3683 338 3750 cipue
362 3681 505 3746 convenit,
532 3681 606 3750 quod
628 3682 656 3734 iu
673 3691 787 3754 utroque
805 3701 898 3754 genere
915 3685 992 3736 amici
1011 3683 1155 3735 amicorum
1171 3697 1239 3734 con-

261 3768 349 3818 silium
367 3767 492 3836 adjuvare
506 3766 622 3819 soleant:
644 3780 725 3836 qnare
743 3778 814 3822 recte
828 3759 1018 3840 interpretatur
1034 3766 1238 3820 Stallbeumius':

262 3869 278 3901 u
291 3851 441 3919 Symbolum
464 3852 581 3917 aliquam
605 3855 738 3920 conferre,
768 3850 796 3904 h.
814 3871 837 3904 e.
858 3853 934 3905 smioi
953 3851 1095 3904 consilium
1113 3849 1239 3918 adjuvare

262 3931 339 4000 eique
358 3940 461 4000 gratum
475 3933 596 3988 fecere.''
633 3934 669 3987 V.
686 3937 754 3988 infra
771 3935 971 4002 C.111.§.1l;
988 3953 1021 3988 ne
1039 3935 1091 3986 elia
1106 3936 1165 3988 loca
1179 3949 1240 3985 me·

261 4029 371 4065 morem.
407 4013 462 4066 Sed
485 4025 575 4070 nostor
600 4018 718 4071 Platonis
741 4019 818 4071 locus
843 4021 944 4089 integer
967 4020 1019 4072 erit
1041 4019 1183 4088 legendus,
1210 4025 1241 4068 ut

263 4097 337 4150 vocis
353 4097 538 4168 Χαρίοαοθοο
553 4103 581 4153 in
597 4103 683 4156 eronis
702 4103 756 4157 vim
771 4103 953 4170 percipiamus.
990 4102 1033 4156 cf.
1044 4104 1113 4156 infra
1130 4100 1162 4152 C.
1181 4099 1238 4152 111.

265 4183 290 4248 p.
311 4183 352 4232 17.
371 4183 487 4240 innota.
525 4186 566 4252 (3)
587 4185 665 4236 cons.
686 4184 795 4237 Salmas.
815 4185 847 4236 de
865 4184 962 4239 Usuris
980 4184 1012 4238 C.
1032 4186 1056 4236 3.
1077 4203 1103 4252 p.
1123 4185 1165 4236 56.
1222 4189 1225 4198 ’
