2886 4826
661 527 854 589 -48-.

260 703 319 787 fra,
356 703 409 769 ubi
441 705 480 770 de
508 705 564 770 illo
595 727 688 770 erano
722 707 913 792 expositurus
940 730 1025 795 sum,
1056 711 1217 777 ostendere

260 807 397 872 conabor
419 805 475 896 (1)
518 808 584 895 Ego
605 830 677 872 sero
701 809 790 874 valdo
812 809 936 894 dubito,
959 833 998 876 an
1024 814 1129 898 ἔρανος
1153 837 1216 878 saa-

259 911 501 976 troordirrarius
523 909 617 973 fuerit
638 909 651 998 (
672 905 694 997 ).

300 1013 333 1075 Si
368 1013 438 1098 quis
470 1011 565 1100 igitur
602 1010 713 1096 stipem
749 1032 784 1074 ex
819 1012 889 1098 lege
918 1013 1071 1078 societatis
1094 1013 1219 1077 solvere

258 1113 456 1200 neglexisset,
485 1133 534 1176 res
558 1109 756 1176 deferebatur
776 1112 817 1176 ad
843 1113 985 1198 ludices,
1008 1115 1063 1202 qui
1085 1113 1123 1178 de
1148 1115 1218 1178 liti-

255 1216 316 1280 bus
337 1215 376 1282 ad
395 1217 515 1303 judicia
537 1217 699 1281 eranistioa
728 1215 879 1306 (tparanete
902 1215 1001 1306 δίκας)
1021 1219 1214 1304 pertinenti-

256 1317 331 1401 bus,
360 1317 587 1408 disceptabant,
617 1317 791 1384 secundum
819 1333 919 1385 certas
943 1323 1028 1407 leges
1051 1303 1235 1410 (a'pamsode'

256 1417 375 1506 νόμους)
405 1420 521 1506 quibus
557 1443 665 1486 omnes
696 1423 822 1510 collegii
852 1425 928 1488 socii
954 1424 1156 1509 tenebantur,
1178 1435 1214 1488 ut

257 1521 372 1586 seirent
403 1522 560 1609 quomodo
590 1525 625 1588 in
655 1525 800 1590 societate
828 1526 950 1611 singula
984 1538 1086 1590 essent
1115 1548 1214 1612 prae-

256 1623 380 1706 standa3
401 1623 479 1689 haec
499 1623 621 1715 judicia
644 1623 752 1690 habita
768 1625 912 1692 sidentur
936 1627 1066 1712 singulis
1087 1627 1211 1690 mensi-

255 1727 330 1811 bus,
366 1727 391 1791 si
418 1725 532 1792 Suidae
558 1725 654 1792 fidem
685 1726 871 1813 habeamus,
898 1727 1030 1794 dicenti:
1063 1730 1216 1813 ἐραιιιιαὶ,

255 1835 302 1897 ὃτι
324 1835 448 1915 ἕμμηιιοι
467 1830 569 1910 δίκαι,
596 1832 661 1895 ulte
680 1833 836 1916 ἐμπορικαί
857 1829 914 1920 (3).
958 1829 1088 1911 Quoties
1113 1827 1210 1912 igitur

257 1932 498 2006 conveniebant,
527 1930 783 1994 simulconlerre
806 1931 1015 2018 cogebantur,
1036 1949 1076 1992 ne
1092 1925 1215 2012 judicio
1331 1949 1333 1952 ·

256 2040 368 2104 fierent
395 2033 528 2100 obnoxii.
573 2033 734 2113 Quatenus
759 2054 832 2097 vero
860 2032 898 2096 de
927 2028 1127 2118 pensionibus
1154 2027 1213 2090 in-

256 2139 392 2206 ferendis
412 2137 550 2213 cautioni
575 2138 637 2200 sive
657 2136 814 2221 sponsioni
834 2137 922 2199 locus
943 2134 1055 2215 suerit,
1079 2142 1212 2196 statuere

257 2265 321 2308 noa
353 2239 451 2306 ausim
474 2235 530 2327 (4).
582 2237 615 2300 Si
649 2257 721 2300 sero
750 2235 888 2300 satisdari
911 2233 1061 2321 potuerit,
1090 2243 1214 2318 putem,

256 2346 290 2411 id
314 2367 377 2412 nou
403 2344 491 2409 aliter
512 2341 631 2405 laetum
652 2361 734 2424 esse,
762 2341 822 2403 nisi
843 2337 966 2422 cautio,
992 2336 1084 2400 sociis
1104 2337 1215 2401 rolen-

198 2487 200 2494 ·
256 2450 358 2533 tibus,
386 2446 508 2533 judicio
540 2455 618 2509 esset
649 2442 867 2528 comprohata;
889 2461 952 2526 quo
978 2437 1099 2502 firmius
1120 2449 1213 2502 staret

257 2555 402 2636 societas,
433 2570 536 2635 neque
567 2568 744 2633 sponsorem
758 2544 826 2632 ¹pro
857 2545 941 2610 socio
963 2541 1116 2608 haberent
1141 2563 1212 2605 era-

256 2659 363 2721 nistae.
998 2666 1004 2678 ·

299 2757 344 2820 De
380 2753 505 2834 litibus,
535 2751 616 2813 inter
649 2751 796 2814 eranistae
826 2751 915 2835 ortis,
945 2746 1098 2815 lleraldus
1124 2755 1213 2832 putat

258 2855 434 2942 cognovisse
471 2853 640 2940 collegium
665 2853 869 2916 eranistarum
892 2849 956 2942 (5);
989 2849 1073 2938 quod
1094 2859 1129 2912 ut
1152 2846 1215 2910 ad-

257 2961 394 3040 mittam,
422 2958 470 3021 vix
492 2955 607 3044 adduci
628 2976 771 3041 possum,
802 2953 990 3018 crediderim
1015 2951 1117 3038 potius
1138 2967 1211 3011 cum

257 3060 406 3125 Salmasio
436 3079 503 3121 rem
536 3055 671 3120 delatam
703 3079 767 3120 esse
803 3055 843 3121 ad
878 3078 989 3121 novem
1018 3051 1213 3118 Archontum

259 3161 445 3248 collegium,
477 3179 611 3246 quorum
645 3181 695 3222 sex
719 3157 952 3223 Thesmothetas
976 3156 1013 3220 de
1040 3151 1215 3218 actionibus

259 3262 430 3329 eranistiois
446 3260 603 3346 judicasse
626 3260 717 3326 facile
740 3261 818 3326 mihi
840 3281 1019 3348 persuasum
1041 3254 1170 3345 babeo(
1191 3253 1213 3343 ).

263 3447 620 3466 m

289 3533 331 3602 (1)
351 3532 460 3585 Hersld.
478 3531 591 3587 Observ.
607 3541 634 3586 et
649 3532 759 3588 Emeud.
779 3535 864 3588 (1.43.
878 3585 881 3591 ,
901 3535 942 3603 (2)
962 3531 1102 3586 Vidiufra
1119 3532 1151 3585 C.
1163 3532 1217 3585 lll.

254 3615 281 3682 tl.
300 3617 342 3667 12.
387 3617 428 3685 (3)
450 3607 545 3668 Suidas
561 3615 589 3666 in
607 3633 633 3670 v·
650 3615 811 3686 ’Eporsxck
831 3617 923 3686 ibique
941 3615 1077 3668 Kusterus.
1113 3615 1219 3684 Harpo-

254 3703 318 3748 crat.
344 3698 372 3748 in
397 3715 424 3750 v.
449 3697 588 3766 Ἐμμηιιοι
610 3699 696 3748 δίκαι.
732 3699 830 3750 Pollux
854 3696 991 3750 L.V111.
1019 3717 1039 3750 s.
1058 3700 1219 3766 eset101;

254 3779 315 3829 add.
334 3778 452 3833 noesth.
474 3774 690 3833 Staatsbaushslt.
710 3779 758 3832 der
777 3777 873 3831 Athen.
893 3781 923 3832 P.
941 3779 964 3830 Ι.
980 3798 1007 3848 p.
1027 3783 1070 3833 54.
1117 3784 1160 3852 (l)
1178 3783 1219 3836 Cf.

253 3867 339 3913 tamen
363 3863 517 3934 Harpocrat.
542 3867 570 3918 in
590 3883 618 3920 v.
635 3866 796 3936 Ἐρανιστὴς
814 3866 908 3927 μέντοι
929 3867 1109 3935 ιιιιρίως...’..
1134 3869 1167 3918 τὸ
1189 3860 1234 3919 δὲΙ

254 3941 338 4003 ὄνομα
356 3951 430 4016 παρὰ
445 3951 536 4016 Λυσίᾳ
552 3950 580 4000 lv
598 3949 636 4017 τῷ
653 3950 719 4018 πρὸς
737 3948 949 4016 Ἀριστοκράτην
967 3947 1032 4016 περὶ
1047 3948 1144 4014 ἐγγύης
1157 3949 1220 4018 spt-

185 4077 187 4081 .
254 4040 314 4081 sav,
330 4028 356 4076 st
371 4031 483 4092 γνήσιος.
521 4029 683 4100 (5)Herald.
698 4026 1063 4083 Observ.erEmend.c.tt.
1100 4029 1143 4100 (6)
1155 4030 1220 4083 Vid.
1263 4053 1267 4060 ·

240 4107 353 4182 ,Pollux
379 4105 413 4158 L.
432 4107 517 4164 vm.
543 4129 563 4164 s.
580 4111 629 4175 883
655 4110 766 4166 Salmas.
781 4111 894 4164 Misesll.
913 4109 1010 4164 defens.
1029 4111 1061 4164 C.
1080 4112 1106 4164 2.
1126 4133 1154 4183 p.
1172 4115 1220 4178 52,

260 4193 329 4244 cons.
341 4190 430 4262 Sigon.
448 4195 480 4247 de
495 4193 559 4262 llep.
573 4193 637 4247 Aah.
649 4195 698 4249 lV.
711 4199 727 4250 3
734 4221 742 4263 5
762 4198 821 4250 add.
832 4197 932 4250 Petitus
942 4198 974 4249 ad
983 4195 1041 4249 Lu.
1055 4197 1111 4250 Art.
1122 4217 1148 4266 p.
1158 4201 1219 4251 518.
