2904 4826
675 453 838 516 -74-
927 420 928 424 '

276 662 351 725 nus,
382 637 442 704 nisi
477 657 541 725 que
576 631 683 699 afflicti
707 633 802 700 amici
826 643 857 698 et
880 632 958 698 seeii
974 633 1157 720 juvarentur
1177 632 1242 725 (i);

278 743 318 812 de
340 765 379 810 ee
404 743 489 808 enim
509 739 597 806 erani
622 757 741 828 gessere
759 733 988 824 Theophrastus
1009 737 1044 802 in
1068 736 1243 804 Charaete·
1300 731 1304 740 ’

274 849 365 914 ribus
392 867 470 914 voce
498 847 603 932 ἔρανος
626 852 750 928 semper
772 855 846 905 ttsus
870 849 932 922 est;
964 861 1029 906 non
1051 851 1158 906 tamen
1178 840 1242 924 ita,

275 963 313 1020 et
335 951 430 1038 hujus
451 951 498 1016 rei
522 971 618 1016 causa
641 947 800 1013 institutae
821 956 922 1012 essent
943 945 1119 1012 societates:
1141 966 1242 1010 nam-

277 1077 341 1145 que
365 1057 421 1122 illa
447 1053 667 1122 Amisenorum
694 1052 824 1118 societas
852 1051 891 1118 ad
916 1050 1004 1117 aliud
1025 1053 1113 1117 erani
1139 1074 1241 1140 genus

274 1157 441 1228 referenda
463 1168 526 1242 est,
555 1167 592 1222 ut
614 1178 706 1244 supra
729 1155 801 1242 jam⁴
819 1155 962 1224 vidimus.
1006 1156 1153 1222 Attamen
1171 1178 1240 1220 no-

278 1263 333 1330 stri
360 1260 447 1327 arani
474 1257 562 1324 aliud
582 1270 648 1324 erat
677 1259 856 1326 eonsilium.
906 1261 1012 1343 Quare
1037 1259 1241 1347 inspiciamus

275 1364 483 1448 Salmasium,
511 1360 551 1426 de
574 1361 750 1427 amicorum
772 1383 868 1428 erano
893 1376 1072 1430 narrantem
1096 1385 1240 1452 sequen-

274 1469 331 1533 tia:
362 1465 442 1530 »ubi
477 1464 549 1550 quis
583 1485 654 1529 aere
684 1463 789 1529 alieno
813 1477 1029 1550 premeretur,
1057 1477 1111 1532 aut
1132 1465 1240 1552 inopii

275 1569 395 1636 >setiam
429 1567 505 1633 alias
533 1565 704 1650 laboraret,
736 1587 797 1630 nee
822 1565 971 1652 haberet,
1001 1566 1088 1633 unde
1111 1567 1240 1650 viseret,

274 1669 339 1739 »ati
370 1671 489 1738 amieos
517 1680 584 1736 erat
610 1679 755 1756 paratum
782 1669 959 1758 refugium,
986 1673 1043 1758 qui
1069 1671 1155 1760 qued
1179 1693 1242 1758 pe-

275 1784 402 1841 sterant
428 1773 652 1858 eonferebant,
674 1783 711 1838 ut
730 1789 805 1838 eum
828 1773 1001 1839 liberarent
1022 1785 1054 1840 et
1080 1787 1242 1842 sustenta-

273 1889 376 1944 »rsnt
420 1875 596 1964 Praecipue
624 1869 742 1941 tamen¹
756 1874 797 1940 ad
817 1894 869 1942 aes
892 1876 1032 1942 alienum
1057 1877 1241 1943 solvendum
1316 1916 1320 1924 ·

274 1979 474 2045 »amicerum
489 1978 637 2066 patebant
652 1977 815 2044 facultates
821 1974 896 2076 (2).'’
910 1971 950 2043 Et
959 2001 1033 2044 sero
1044 1981 1140 2045 etiam
1150 1982 1243 2046 mul-⁴

273 2091 325 2147 tae
352 2081 433 2148 stiae
461 2092 552 2146 erant
581 2097 709 2165 causae,
737 2079 779 2144 eb
804 2095 882 2167 quas
908 2097 1040 2146 eranum
1064 2083 1097 2147 in
1123 2085 1242 2149 amices

274 2183 419 2249 conferre
451 2185 626 2272 antiquitus
661 2182 803 2250 solebant
826 2183 939 2268 amici,
969 2185 1061 2270 eujus
1085 2187 1131 2251 rei
1157 2187 1242 2276 apud

274 2286 422 2355 oratores
441 2287 561 2353 Attieos
581 2287 696 2374 passim
715 2287 856 2374 exempla
876 2297 1065 2372 occurrunt3
1087 2290 1135 2354 uti
1151 2311 1179 2357 v.
1197 2308 1243 2378 gr.

274 2392 301 2458 si
332 2393 405 2480 quis
429 2413 466 2458 ex
499 2393 677 2479 captivitate
704 2403 785 2458 esset
813 2391 1034 2478 redimendus,
1064 2405 1119 2459 aut
1143 2392 1243 2459 filiam

273 2494 435 2579 nubilem,
456 2495 491 2558 in
512 2494 603 2579 eujus
624 2495 755 2582 gratiam
777 2493 833 2559 dos
856 2505 934 2560 esset
954 2496 1154 2573 collocanda,
1177 2497 1244 2564 ha—

272 2597 379 2681 beret,
411 2597 507 2684 quale
538 2593 617 2681 quid
646 2587 762 2660 Thebis
786 2593 958 2662 obtinuisse
988 2616 1025 2662 ex
1048 2599 1187 2685 Nepote,
1209 2599 1245 2664 in

273 2700 348 2768 Vita
367 2693 604 2784 Epaminondae
629 2696 662 2763 G.
683 2702 720 2780 3,
745 2695 852 2762 sidere
877 2709 932 2764 est
978 2699 1041 2764 Sed
1066 2698 1244 2766 haedere

275 2822 332 2870 sue
354 2803 427 2866 loeo
449 2796 542 2886 plura
564 2797 716 2865 dicemus.
807 2834 809 2844 ν

319 3009 468 3074 Nostrum
496 3021 628 3070 eranum
655 3005 690 3070 in
710 3006 884 3095 publicam
908 3021 940 3073 et
958 3012 1132 3098 privatam
1157 3009 1244 3075 divi-

275 3111 438 3195 dentibus,
458 3106 546 3196 qued
569 3106 734 3193 assentiar,
757 3131 821 3174 uon
845 3108 963 3176 habeo:
986 3111 1151 3176 eratenim
1167 3127 1245 3180 ert-

307 3316 349 3385 (1)
371 3313 472 3382 Inque
499 3310 624 3378 opinione
644 3307 723 3362 etism
742 3315 876 3363 versatum
893 3323 948 3366 esse
966 3309 1159 3366 Doctissimem
1177 3311 1251 3365 Pan-

272 3401 366 3463 nium,
385 3396 448 3450 inde
465 3393 599 3448 conficere
614 3391 697 3456 licet,
721 3393 813 3461 quod,
834 3393 863 3446 in
878 3394 979 3464 egregii
997 3395 1042 3448 sui
1060 3393 1254 3447 Dissertations

273 3499 352 3552 supra
375 3476 481 3529 laudati
501 3493 529 3543 p.
549 3477 618 3540 130,
647 3491 740 3528 aranos
756 3477 784 3527 in
795 3478 915 3544 publicos
930 3485 958 3529 et
971 3483 1094 3548 privatos
1109 3479 1250 3543 diviserit,

274 3581 357 3634 quum
372 3560 479 3613 nullum
496 3559 577 3610 alium
592 3557 643 3609 nisi
660 3555 731 3609 hune
749 3558 894 3611 amicorum
911 3577 1020 3612 eranum
1037 3561 1074 3614 ob
1091 3563 1184 3616 oculos
1200 3559 1253 3614 ha-

271 3650 357 3702 berat.
374 3643 481 3715 „Quam
504 3647 592 3695 tamen
611 3641 770 3696 divisionem
787 3658 843 3695 non
859 3657 913 3696 esse
931 3645 1122 3698 admittendam
1138 3659 1252 3699 censue-

169 3727 188 3746 '‘
273 3731 334 3785 iim.
369 3729 414 3783 cf.
434 3728 461 3796 5
479 3727 506 3780 2.
525 3723 553 3779 h.
570 3726 637 3796 Cap.
672 3724 728 3781 sed
752 3727 800 3780 ille
824 3729 918 3781 Pannii
941 3743 1018 3781 erret·
1038 3728 1106 3784 mihi
1125 3732 1252 3784 tribuen-

275 3817 326 3868 dus
341 3815 449 3871 videtur
466 3811 555 3865 studio
573 3811 678 3878 omnia,
697 3828 766 3882 quae
784 3810 818 3864 ad
836 3811 944 3882 ἐράνους
960 3811 1075 3878 saciant,
1096 3813 1130 3866 ad
1149 3820 1253 3883 gratum

272 3897 389 3948 animum
406 3896 441 3948 ob
459 3893 591 3948 beneficia
607 3894 703 3948 collata
718 3892 866 3958 referendi,
888 3909 975 3961 neque
991 3893 1057 3945 adeo
1074 3894 1127 3960 ita,
1152 3901 1184 3946 ut
1197 3912 1251 3947 ne-

273 3979 374 4032 tionem
391 3994 546 4042 serenorum,
565 3984 690 4048 tanquam
713 3993 857 4045 corporum
882 3976 1030 4028 communia
1054 3979 1177 4033 convivia
1205 3981 1252 4032 in-

273 4059 406 4124 euntium,
434 4058 573 4126 sunditns,
603 4068 633 4111 ut
651 4062 688 4112 ita
704 4059 808 4127 dicam,
828 4065 937 4112 evertat.
973 4057 1039 4113 vid.
1058 4062 1115 4132 ejus
1136 4062 1250 4120 Dissert.

272 4162 299 4219 p.
319 4145 378 4197 lae.
397 4153 437 4214 sq.
475 4143 516 4214 (2)
536 4143 580 4198 De
597 4142 695 4200 Ueteris
711 4144 744 4198 C.
761 4147 786 4197 3.
807 4164 833 4215 p.
853 4145 895 4196 38.
