2904 4826
451 753 456 760 ⁴
514 815 739 923 orror
773 816 861 920 111.

317 1067 371 1122 DE
390 1065 537 1134 ERANO‚
557 1067 646 1122 SIVE
666 1065 833 1124 PECUNlA
855 1065 901 1119 AB
921 1065 1060 1124 sonem.

344 1157 387 1211 IN
406 1157 560 1245 AMICUM
578 1157 742 1215 EGENUM
760 1155 1029 1213 CONFERENDA.

605 1399 786 1430 ..αφ-.-

276 1547 379 1676 Erat
410 1623 571 1699 praetereo
598 1613 679 1677 inter
712 1611 864 1696 Graecos,
892 1611 926 1674 in
955 1612 1064 1698 primis
1089 1612 1173 1678 inter

206 1710 426 1800 Athenienses,
449 1713 537 1788 aliud
557 1715 792 1802 frequentatum
813 1716 900 1780 esoni
920 1737 1037 1803 genus,
1061 1715 1100 1782 ab
1117 1717 1173 1801 iis,

206 1839 284 1904 quos
303 1817 562 1902 memoravimus,
593 1819 695 1883 eronis
720 1829 786 1883 toto
809 1820 899 1884 coelo
921 1818 1055 1901 distans3
1078 1841 1175 1906 quem

208 1932 313 1992 temen
337 1924 447 2007 ἕραιιρν
466 1943 485 1984 u
502 1920 703 1986 convivarum
721 1921 869 2009 symbolis
891 1922 1045 2008 originem
1068 1920 1177 1987 duxis-

209 2043 257 2107 se,
289 2034 320 2088 et
344 2044 418 2086 vero
443 2022 484 2087 ab
510 2022 566 2086 illo
594 2023 752 2086 sociorum
774 2022 836 2087 sive
861 2024 1067 2089 eranistorum
1094 2045 1178 2112 pen-

209 2126 297 2190 sione
326 2146 444 2190 nomen
471 2124 645 2208 invenisse,
674 2144 768 2188 nemo
794 2123 868 2209 erit,
897 2125 954 2211 qui
982 2127 1179 2208 singulorum

211 2228 398 2312 collatione,
420 2248 503 2316 quoe
523 2227 617 2314 vulgo
640 2230 747 2313 ἔρανος
766 2224 867 2310 audit,
891 2227 1069 2312 perspectis,
1092 2228 1179 2292 leci-

210 2334 242 2396 le
278 2332 446 2418 negaverit.
515 2331 584 2396 Hoc
623 2331 794 2418 praecipue
830 2329 1034 2397 animadverti
1066 2332 1179 2416 velim,

212 2434 348 2514 amicos,
372 2433 429 2521 qui
453 2432 588 2498 eliorum
617 2454 711 2498 erano
730 2432 898 2518 juvantur,
927 2455 992 2498 non
1013 2455 1079 2499 esse
1098 2434 1182 2521 ipsos

211 2535 341 2622 collegii
374 2531 540 2620 cujusdam
576 2535 692 2619 socios,
723 2549 829 2620 neque
854 2556 907 2600 eos
928 2557 1055 2621 prorsus
1080 2533 1182 2624 quid-

213 2659 328 2726 quem,
351 2639 413 2704 sive
435 2639 470 2704 in
492 2660 613 2726 orcum,
636 2640 698 2704 sive
717 2640 752 2703 in
772 2639 1183 2725 communemutilitotem,

211 2741 372 2825 intulisse,
415 2751 450 2805 ut
479 2741 514 2805 in
550 2741 757 2806 eranistarum
791 2740 934 2828 collegiis
969 2741 1182 2829 conviviisque

215 2841 418 2908 solutioribus
443 2842 563 2907 foetum
588 2842 732 2908 vidimus
776 2843 836 2908 Ille
861 2843 947 2908 enim
970 2843 1183 2929 Graecorum,
1248 2847 1250 2850 ’

212 2946 248 3011 in
269 2966 334 3033 quo
356 2966 482 3021 sumus,
506 2944 690 3010 conferendi
708 2965 776 3010 mos
798 2957 865 3011 emt
884 2945 1040 3012 indicium
1059 2948 1184 3034 pietatis

216 3059 249 3114 et
275 3045 522 3116 munificentiae.
568 3046 631 3114 Sed
660 3069 760 3136 quum
785 3047 824 3112 de
856 3048 919 3114 boc
944 3049 1074 3135 juvandi
1099 3072 1186 3116 corr·-

219 3152 290 3222 silio
324 3150 414 3218 valde
453 3151 667 3239 discrepantes
702 3174 822 3240 eaeque
852 3155 989 3219 virorum
1022 3154 1185 3221 doctrinae

215 3254 311 3322 leude
334 3256 617 3322 celeberrimorum
642 3257 703 3321 sint
727 3256 916 3340 sententiae,
944 3278 996 3321 eos
1020 3278 1078 3342 pro
1104 3258 1188 3322 viri-

216 3359 278 3425 bus
299 3370 445 3424 excutere
474 3359 633 3444 connbor,
654 3359 699 3424 ite
720 3369 827 3424 tamen
852 3369 889 3422 ut
908 3379 960 3422 me
983 3357 1185 3445 peritioribus

215 3461 376 3551 judicium
398 3461 586 3550 relinquam.

667 3565 696 3650 §.
722 3565 749 3626 1.

260 3665 306 3738 Ile
330 3663 394 3737 hon
415 3665 502 3730 orani
526 3686 641 3753 genere
666 3687 731 3752 quo
756 3665 855 3752 magis
873 3665 964 3731 nobis
981 3665 1188 3756 informemus

217 3769 397 3855 notionem,
432 3779 543 3834 auctor
582 3779 628 3832 est
664 3765 865 3835 Gotoubonus
897 3764 960 3857 (1):
1007 3767 1062 3832 sed
1100 3767 1187 3835 houd

218 3873 308 3938 oliter
337 3873 488 3957 illerenv
517 3870 700 3960 expediens,
734 3892 770 3938 oc
798 3871 823 3935 si
852 3871 959 3935 nullus
979 3868 1087 3955 luisset
1111 3891 1189 3954 evo-

224 4097 582 4120 m

203 4209 205 4214 ·
259 4196 299 4270 (1)
320 4194 386 4253 vid.
404 4215 471 4269 quse
489 4199 592 4261 notavit
610 4199 644 4252 od
661 4193 840 4268 Theophrast.
859 4192 941 4250 Cbor.
960 4193 992 4248 C.
1012 4191 1083 4350 Χῖο
1097 4191 1123 4259 §-
1139 4189 1168 4248 2,
