2904 4826
307 705 365 749 res
411 681 554 764 Quarum
583 697 690 743 rerum
718 677 859 764 exempla
883 675 1045 764 proposuit
1070 675 1267 765 Aristoteles,

307 785 357 852 bis
384 782 501 850 verbis:
534 775 599 849 οἷον
627 784 783 866 laceranda
810 784 943 864 repandae
973 785 1095 864 ἑστιῶν,
1127 786 1180 848 ναὶ
1207 809 1267 850 κω-

305 891 417 976 μῳδοῖς
445 890 598 974 χορηγῶν,
622 889 655 952 ἐν
675 891 714 970 τῇ
736 883 859 968 παρόδῳ
877 892 1030 970 πορφνραν
1050 885 1190 972 ricoinus
1210 883 1267 975 (1).

352 991 422 1054 Sive
446 987 543 1075 igitur
567 986 629 1052 suis
654 985 826 1071 sumtibus,
851 984 917 1050 sive
939 1007 975 1049 ex
999 988 1136 1072 pecunia
1159 989 1268 1054 colla·-

307 1093 375 1159 titia
396 1091 467 1180 quis
496 1088 616 1166 sodales
637 1087 811 1174 exciperet,
838 1088 1028 1175 parsimonia
1048 1090 1176 1156 omnino
1203 1102 1269 1158 erat

309 1196 458 1280 colenda,
486 1217 550 1282 quo
578 1193 699 1260 firmius
723 1204 817 1258 staret
839 1193 984 1278 societas,
1013 1216 1184 1281 omnesque
1208 1217 1269 1260 er-

304 1309 389 1364 serae
426 1295 618 1381 suspiciones
651 1306 848 1381 arcerentur,
880 1317 920 1360 ne
954 1296 1134 1366 viderentur
1160 1308 1268 1362 coetus

304 1398 411 1463 illiciti
446 1401 550 1480 coire,
586 1395 695 1481 quales
724 1395 857 1482 imperio
887 1409 976 1463 erant
1003 1399 1268 1486 periculosissimi.

306 1500 370 1566 Sed
390 1498 470 1564 baec
492 1497 531 1562 de
556 1497 761 1584 parsimonid,
788 1507 895 1584 utpote
917 1498 985 1584 jam
1019 1523 1113 1588 supra
1140 1503 1268 1588 exposi-

305 1603 351 1689 d,
373 1612 557 1690 pronastro
581 1600 712 1666 consilio
731 1598 817 1665 dicta
838 1611 929 1666 sunto
954 1598 1011 1690 (2).

348 1807 407 1872 [lle
420 1807 533 1895 igitur,
552 1807 609 1894 qni
623 1817 762 1872 caeteros
777 1803 877 1870 socios
891 1802 978 1870 domi
991 1827 1064 1870 suae
1078 1806 1265 1893 excipiebat,

306 1907 472 1976 dicebatur
504 1913 683 1996 ἐρανάρχην,
716 1919 868 1994 tanquam
893 1909 996 1992 arani,
1023 1909 1118 1974 totius
1146 1911 1268 1977 scilicet

304 2014 433 2100 collegii
478 2026 510 2080 et
550 2015 698 2099 convivii,
733 2012 820 2102 quod
858 2013 941 2077 inter
979 2013 1079 2077 socios
1112 2014 1268 2102 inibatur,

304 2117 490 2204 praefectus.
542 2119 646 2200 Quem
678 2123 844 2205 ἐρανάρχην
876 2118 966 2203 aliis,
997 2118 1103 2204 prouti
1128 2119 1268 2186 convivia

303 2231 372 2286 tum
397 2219 471 2307 hic,
501 2230 570 2284 tum
592 2220 679 2306 illic,
702 2221 843 2286 solebant
862 2221 1033 2298 celebrari,
1054 2222 1148 2288 fuisse
1169 2224 1266 2288 alium

303 2335 440 2411 apparet.
486 2323 539 2388 Sic
560 2343 687 2411 qnoque
711 2345 747 2388 er
768 2323 1014 2410 Harpocratione
1035 2325 1194 2410 norimus,
1214 2347 1266 2392 eos

302 2426 366 2492 hoc
399 2449 515 2493 munus
547 2428 597 2492 rel
631 2438 712 2492 sorta
742 2426 853 2492 ductos
876 2429 926 2494 rel
950 2429 1126 2494 amicorum
1151 2429 1267 2496 electos

304 2531 456 2619 suffragiis
478 2555 544 2598 esse
567 2533 742 2619 auspicatos
764 2531 777 2622 (
798 2530 821 2620 ).

346 2635 416 2698 Jam
453 2637 545 2721 plura
583 2634 623 2699 de
659 2633 746 2698 hisce
789 2631 976 2698 Eranarchis
1015 2636 1264 2724 pervestigcmus

302 2733 448 2803 Vidimus
473 2758 526 2802 eos
547 2737 591 2802 ita
611 2735 754 2802 universo
775 2734 910 2821 collegio
931 2736 1117 2821 praefuisse,
1139 2749 1176 2802 ut
1190 2761 1265 2804 orn-

302 2837 352 2902 nis
383 2857 476 2923 cura,
506 2848 574 2902 tum
607 2838 763 2925 pecuniae
788 2837 822 2900 in
849 2857 955 2902 arcam
978 2838 1175 2923 inserendae,
1198 2849 1266 2903 tum

304 2939 437 3006 convitii
471 2937 670 3022 moderandi,
701 2939 740 3003 iis
774 2937 982 3004 incumberet
1028 2939 1120 3020 Quod
1150 2959 1266 3004 munus

304 3065 405 3134 quum
427 3042 520 3109 valde
542 3053 621 3108 esset
644 3063 825 3118 onerosum,
846 3039 926 3106 mihi
950 3039 1072 3106 ridetur
1095 3039 1264 3126 aliquando

302 3145 439 3235 potuisse
476 3143 630 3228 recusari,
663 3143 688 3206 ai
718 3143 789 3230 quis
818 3143 933 3208 invitus
959 3145 1112 3229 nulloque
1144 3153 1264 3208 serrato

304 3250 414 3317 ordine
428 3269 465 3312 eo
479 3246 574 3312 inerit
586 3245 700 3312 ductus
705 3267 715 3329 3
737 3267 801 3332 quo
815 3245 899 3311 iacto
914 3245 1013 3310 aliurn
1026 3245 1120 3310 fuisse
1135 3244 1264 3333 eligen-

304 3353 381 3419 dum
414 3346 612 3414 crediderim.
656 3348 714 3432 At,
742 3347 769 3412 si
801 3359 944 3414 tenemus
977 3346 1026 3433 id,
1061 3345 1148 3436 quod
1172 3369 1265 3435 supra

304 3453 483 3534 statuimus,
505 3453 672 3536 ἐρανάρχην
692 3470 768 3514 cum
793 3451 923 3517 caeteris
944 3453 1110 3539 aequalem
1132 3451 1265 3540 pensio-

303 3579 379 3622 nem
410 3555 527 3619 solrere
556 3551 699 3634 solitum,
731 3552 757 3616 si
785 3574 850 3618 non
878 3552 1033 3643 aliunde„
1053 3553 1130 3620 hinc
1156 3555 1265 3621 saltem

305 3693 664 3716 ’.ιιι-..Ι-

334 3769 376 3838 (1)
395 3763 462 3819 Vid.
480 3764 593 3816 Aristot.
614 3760 704 3816 Etbic.
724 3762 744 3814 l.
762 3761 783 3814 i.
799 3789 834 3805 ·-
850 3762 894 3815 Da
912 3765 988 3833 eujus
1006 3763 1060 3815 loci
1077 3761 1269 3832 significatione

300 3851 399 3904 multus
422 3854 462 3900 est
485 3843 647 3911 Salmasius,
674 3861 741 3914 quae
758 3850 844 3896 tamen
866 3861 949 3913 quum
965 3842 1101 3894 minusad
1117 3843 1268 3907 materiem,

299 3948 379 4001 quam
395 3936 498 3995 nacto,
517 3931 684 3998 pertineant,
703 3928 824 3981 omittere
838 3927 918 3980 satius
936 3927 1011 3980 duxi.
1045 3923 1112 3980 Vnt.
1126 3927 1159 3980 de
1174 3927 1271 3982 Usuris

299 4011 334 4063 C.
352 4012 377 4062 3.
397 4027 425 4078 p.
444 4011 488 4062 55.
504 4029 579 4082 sqq-3
606 4012 677 4065 conf.
694 4010 805 4064 Herald.
823 4008 937 4063 Observ.
955 4009 990 4062 ad
1006 4007 1055 4062 Jus
1071 4010 1129 4086 Att.
1148 4019 1176 4064 at
1191 4011 1271 4067 Rom.

298 4094 353 4148 VI.
378 4095 405 4147 8.
458 4094 501 4163 (2)
530 4095 610 4149 Conf-
639 4095 672 4149 C.
698 4095 722 4149 1.
753 4095 781 4164 §-
809 4096 851 4148 11.
878 4113 976 4164 supra,
1012 4095 1105 4167 ibique
1134 4096 1162 4149 in
1190 4099 1270 4151 notis.

300 4181 343 4252 (3)
362 4175 428 4234 Vid·
444 4175 600 4246 Harpocran
618 4179 647 4236 in
658 4173 688 4237 r·
698 4179 856 4252 Πληρατης.
892 4178 1153 4249 Cont.aupra§.10.
1168 4180 1269 4236 influe.
1339 4237 1341 4244 ,
