2886 4826
631 421 832 536 -52-ι

234 657 385 724 nimirum
409 653 633 720 Demosthenes
653 655 700 720 nil
721 651 781 718 ribi
801 675 883 740 esse,
904 655 991 742 quod
1007 658 1200 748 suppeditet,

234 770 358 846 praeter
391 781 443 843 ee,
472 781 554 846 quoe
585 769 692 846 perata
721 755 850 839 hebent3
880 779 899 822 a
931 759 1047 846 quihus
1072 785 1201 853 quoque

234 862 296 928 sibi
320 860 542 928 abstinendum
563 861 621 944 σίας
643 871 690 945 αι,
716 858 742 923 si
767 879 848 946 quae
872 859 952 924 lorte
975 862 1099 950 reliqua
1122 867 1203 953 sint,

236 987 275 1030 ee
308 986 341 1030 se
377 965 567 1032 collaturum
605 962 768 1051 promittit
823 961 906 1028 llinc
945 965 1017 1030 satis
1056 969 1202 1036 clarescit

237 1065 371 1150 verbum
391 1075 589 1148 συναγαγεῖν,
612 1065 658 1130 ibi
679 1085 744 1130 uon
764 1065 941 1154 significare
963 1070 1125 1161 collipcre,
1148 1075 1203 1140 sed

239 1175 394 1261 conferre.
444 1173 534 1253 Quae
566 1191 640 1236 vero
661 1170 885 1238 Demosthenes
907 1176 1003 1262 paulo
1028 1188 1100 1242 unte
1125 1201 1204 1265 pro-

239 1277 368 1343 tulerat:
398 1279 469 1355 l'voe,
497 1280 525 1340 εἷ
544 1270 607 1349 οἶός
632 1300 665 1340 τε
687 1269 731 1354 ὦ,
758 1283 798 1341 τά
820 1303 852 1344 τε
879 1281 1058 1365 ὀφειλόμενα
1084 1287 1204 1369 εἶςπρά-

240 1384 312 1462 ξας,
344 1383 397 1445 eat
423 1384 493 1452 τούς
526 1378 631 1460 φίλους
660 1380 816 1463 (pauloet,
845 1407 874 1446 st.
898 1409 928 1448 τ.
953 1383 982 1449 λ.
1007 1383 1072 1474 (l),
1099 1407 1137 1452 ea
1165 1386 1206 1452 etl

239 1487 348 1570 ἔρανον
368 1481 545 1548 amicorum
566 1479 776 1568 indigentium
799 1485 973 1572 pertinent,
996 1487 1036 1554 de
1061 1511 1126 1576 quo
1147 1491 1207 1556 in-

239 1587 288 1652 tm
310 1584 461 1680 dicemus

286 1689 431 1755 salmasii
460 1709 533 1754 vero
569 1688 773 1774 sententiam,
815 1689 1005 1756 inculcentis
1033 1673 1211 1771 cvrayoytv

242 1815 308 1861 esse
332 1815 422 1879 eum,
444 1792 501 1879 qui
522 1803 650 1857 coetum
670 1795 825 1880 complet,
853 1816 917 1860 non
942 1817 1007 1861 esse
1029 1794 1207 1876 admitten-

241 1897 314 1963 ‹lum
339 1917 415 1962 cunr
438 1894 575 1962 llernltlo
599 1898 777 1962 censuerim
800 1893 857 1987 (2).

285 2002 375 2083 Quae
408 2021 482 2066 cum
515 2000 559 2064 itu
588 2000 678 2085 sint,
697 2002 852 2090 πληρῶσαι
885 2002 930 2066 nil
957 2002 1045 2068 uliud
1071 2015 1117 2068 est
1145 2004 1206 2069 nisi

243 2108 394 2194 εῖςφίρειν.
438 2105 519 2169 Νσιιι
549 2103 704 2192 πληρωτὴς
730 2109 920 2197 intelligitur
946 2109 1017 2196 ille,
1050 2109 1107 2196 qui
1130 2110 1208 2196 ple-

242 2232 316 2276 nem
357 2209 542 2296 pensionem
580 2209 702 2276 confert
740 2212 861 2303 (πλήρη
893 2219 990 2301 φορὰν
1026 2209 1136 2300 φέρει),
1173 2224 1209 2276 ut

244 2327 331 2396 recte
369 2313 462 2380 docet
497 2312 666 2379 Salmasius
698 2313 755 2406 (3).
812 2319 922 2404 Neque
957 2315 1006 2381 illi
1038 2316 1210 2400 πληρωταὶ,

244 2419 343 2506 magis
365 2439 463 2506 quom
488 2419 661 2502 ἐρανισταὶ,
683 2419 916 2506 cognoscebant
939 2418 979 2483 de
1003 2417 1154 2506 querelis,
1176 2425 1211 2480 ut

241 2522 347 2586 minus
381 2530 468 2584 reete
501 2528 591 2602 putet
619 2519 790 2604 Heroldus,
822 2519 943 2608 quide
969 2521 1061 2586 variis
1084 2517 1192 2582 litibus
1201 2563 1214 2601 ,-

242 2645 325 2709 quae
347 2621 412 2686 huc
441 2620 531 2685 nullo
552 2631 644 2706 pecto
672 2622 783 2685 referri
808 2633 952 2707 possunt,
976 2643 1029 2686 eos
1050 2619 1209 2705 judicasse

242 2724 356 2790 statuit

671 2824 701 2908 §-
726 2826 775 2887 10.

285 2929 361 2996 Illos
399 2927 572 3013 πληρωτὰς,
610 2927 703 2991 sicuti
740 2932 913 3014 ἐρανιστὰς,
950 2941 1079 3017 apparet
1117 2930 1210 2994 luisse

244 3030 392 3108 ἰσοτελεῖς.
438 3030 543 3110 Quare
567 3039 690 3093 tentum
720 3028 823 3115 abest,
851 3043 887 3096 ut
912 3037 1091 3120 ἐρανάρχης,
1114 3053 1210 3119 quem

243 3137 403 3224 πληρωτὴν
432 3143 522 3198 nocet
549 3131 718 3218 llereldus,
747 3133 787 3199 de
814 3157 870 3202 suo
893 3141 1067 3225 suppleret,
1089 3151 1126 3204 ut
1150 3161 1211 3204 ae-

245 3241 374 3328 qualem
399 3259 474 3304 cum
502 3235 632 3301 caeteris
659 3247 780 3324 partem
795 3239 840 3303 -in
865 3262 971 3307 ercam
996 3241 1125 3308 inferret
1150 3240 1212 3333 (t);

245 3345 322 3410 hinc
343 3343 490 3429 πλήρωσις
518 3337 672 3426 significet
697 3341 785 3407 illam
810 3345 994 3430 pensionem
1019 3359 1211 3412 menstruam

248 3447 389 3515 eranistis
423 3468 458 3510 ex
490 3447 561 3532 lege
599 3445 754 3511 societatis
799 3449 977 3536 impositam
1014 3447 1075 3539 (5):
1112 3451 1213 3537 quiris

281 3677 324 3749 (1)
343 3674 409 3730 vit.
433 3693 460 3742 p.
489 3674 566 3724 1484.
591 3671 668 3724 Tom.
695 3671 736 3725 II.
761 3671 794 3725 ll.
841 3674 882 3746 (2)
902 3673 969 3726 vit.
985 3673 1099 3727 Miscell.
1118 3676 1218 3731 delens.

247 3764 279 3816 C.
300 3765 326 3815 3.
341 3781 369 3830 p.
386 3761 430 3812 69.
449 3775 504 3827 sq.;
522 3755 632 3808 Herald.
648 3754 763 3812 observ.
780 3757 814 3809 ed
834 3758 883 3809 Jus
900 3759 960 3809 'Ate
980 3765 1007 3809 et
1023 3757 1101 3809 llom.
1121 3757 1173 3812 Vl.
1191 3761 1217 3812 6.

246 3843 290 3910 (3)
308 3841 375 3896 vid.
402 3841 436 3892 tle
453 3839 548 3895 Usuris
569 3836 602 3890 C.
619 3839 645 3890 3.
664 3856 692 3906 p.
709 3839 760 3902 483
777 3837 893 3892 llliscell.
911 3839 1010 3891 defens.
1029 3837 1062 3891 C.
1082 3839 1108 3891 2.
1126 3859 1153 3908 p.
1172 3843 1216 3895 36.

246 3941 323 3993 sqq.;
348 3925 384 3977 cl.
410 3924 521 3977 Herald.
546 3921 662 3977 Observ.
690 3929 718 3974 et
744 3920 857 3974 Emcud.
875 3923 907 3974 C.
924 3924 968 3974 44.
985 3920 1100 3978 Observ.
1119 3925 1153 3977 ud
1170 3925 1220 3980 Jus

247 4009 306 4059 Act.
334 4014 361 4058 et
385 4005 464 4058 Rom.
490 4004 543 4058 Vl.
572 4007 598 4056 5.
644 4005 685 4074 (4)
705 4003 742 4057 V.
761 4002 871 4058 Salmas.
890 4004 1005 4058 Miscell.
1023 4004 1123 4058 delens.
1140 4007 1173 4060 C.
1190 4007 1218 4061 2.

248 4109 275 4158 p.
301 4089 350 4155 26,
379 4087 411 4140 C.
434 4091 459 4140 3.
485 4105 512 4156 p.
530 4087 583 4151 75,
603 4087 654 4152 79,
675 4089 726 4153 80,
746 4089 780 4142 82
797 4095 823 4141 et
842 4090 884 4142 87.
932 4090 974 4160 (5)
996 4085 1105 4143 Salmas.
1124 4091 1178 4161 Op.
1197 4093 1216 4144 l.

247 4171 730 4238 atpmuupmom
