2904 4826
616 537 800 598 —123-
906 587 908 590 .

216 714 311 795 dum3
338 703 399 780 ¹sed
424 715 522 802 magis
547 715 571 779 si
594 717 712 802 possint
742 719 808 803 illi,
838 720 870 782 in
895 741 973 806 quos
998 721 1076 807 quid
1099 727 1188 792 erani

215 820 345 884 nomine
372 819 522 885 collatum
549 821 601 885 sit:
626 821 718 887 docet
744 825 828 889 enim
850 827 1014 912 Isocrates,
1038 849 1107 913 eos,
1132 830 1188 914 qui

215 947 369 1012 magnum
405 937 569 1012 quaestum
599 927 746 1022 iecissent
778 929 1058 1018 doctrinarumque
1094 921 1188 1019 peri-

215 1029 311 1093 tiores
334 1031 512 1115 erasissent,
535 1035 690 1118 externplo
712 1035 790 1098 alios
812 1035 944 1121 habere,
969 1037 1085 1124 quibus
1105 1059 1186 1102 ean-

217 1132 291 1198 dem
317 1157 445 1222 operam
475 1137 564 1224 dent,
588 1161 662 1204 cum
693 1163 800 1204 rerum
824 1139 1035 1205 humanarum
1059 1143 1188 1206 vicissi-

218 1237 343 1304 tudines
372 1241 417 1306 ita
451 1242 560 1308 ierant.
616 1244 694 1312 Vult
725 1244 821 1329 igitur·
845 1243 958 1308 Orator
985 1247 1095 1329 ἔρανον
1124 1267 1189 1310 non

216 1361 340 1426 semper
366 1343 483 1408 directe
512 1345 587 1431 ipsis
612 1344 702 1410 reddi
727 1367 816 1430 posse
838 1345 1110 1430 benefactoribus3
1134 1349 1189 1413 sed

218 1445 244 1508 si
270 1434 421 1511 beneficii
445 1457 558 1514 natura
587 1447 622 1512 id
655 1449 796 1536 requirat
823 1457 1062 1536 'nonnunquam
1081 1450 1191 1521 ,iodi-

216 1560 318 1627 rootr3
340 1549 384 1614 ita
404 1560 440 1612 ut
461 1551 593 1635 utilitas,
617 1572 712 1638 quam
737 1553 807 1639 quis
829 1555 1028 1637 monitate,
1050 1553 1108 1617 ubi
1124 1553 1188 1619 de-

218 1661 284 1736 gat,
307 1651 516 1738 percepisset,
539 1654 564 1718 si
585 1675 649 1718 non
677 1655 738 1740 ipsi
770 1655 888 1720 civitati
915 1657 1012 1742 possit
1040 1656 1190 1744 rependi,
1267 1725 1269 1728 ,

142 1782 143 1785 “
217 1763 248 1816 at
271 1754 379 1818 saltem
405 1755 525 1819 civibus
552 1757 655 1822 oblati
680 1757 846 1822 occasione
871 1771 1052 1843 praestetur.
1098 1763 1191 1827 Hanc.
1253 1843 1255 1845 Ι

153 1907 155 1910 .
217 1855 349 1920 civitatis
364 1858 496 1922 salutem
513 1859 569 1944 qui
583 1859 672 1944 juvat
694 1857 875 1922 erudiendis
893 1859 1092 1946 hominibus,
1107 1863 1189 1926 red-

218 1957 265 2022 dit
283 1958 492 2044 beneficium,
516 1961 603 2047 quod
621 1963 704 2048 ipsc,
728 1983 828 2048 quum
849 1962 947 2024 literis
971 1963 1187 2040 imbueretur,

220 2083 239 2125 a
265 2061 388 2126 ciuitate
414 2062 594 2148 accepisset.
640 2065 712 2128 Huc
738 2063 823 2128 enim
845 2065 989 2128 Isocratis
1014 2067 1104 2130 locus
1129 2089 1190 2131 re-
1269 2145 1272 2153 μ

219 2163 288 2230 dire
313 2163 392 2232 mibi
416 2165 548 2230 ridetur.
759 2240 761 2246 ¹

650 2273 678 2356 ς.
703 2275 754 2338 21.

262 2376 348 2440 Haec
368 2374 474 2438 omnia
493 2372 533 2437 de
549 2394 660 2458 erano,
678 2395 775 2461 quem
790 2397 983 2463 quocunque
999 2374 1093 2440 modo
1112 2376 1191 2440 red«

219 2480 252 2545 di
277 2481 416 2567 aequitas
436 2479 546 2564 jubet,
572 2478 657 2544 dicta
680 2481 844 2569 sufficiant.
890 2483 936 2546 Ita
952 2480 1081 2569 quidem
1098 2480 1189 2545 obti-

218 2585 314 2650 nebat
340 2582 424 2670 apud
449 2581 670 2665 Athenienses3
694 2566 755 2649 alia
777 2607 848 2650 vero
873 2586 1092 2650 Romanorum
1123 2596 1191 2650 erat

218 2687 313 2769 rati03
334 2685 518 2772 praesertim
549 2685 574 2750 si
602 2685 771 2771 pecuniam
796 2688 945 2774 respicias
974 2689 1132 2775 erogatam
1155 2689 1190 2751 in

219 2809 286 2872 eos,
312 2788 369 2874 qui
401 2789 577 2854 amicorum
606 2789 721 2854 auxilio
755 2791 863 2876 quovis
892 2790 987 2856 modo
1017 2791 1188 2880 indigeant.

217 2893 270 2956 Illi
293 2893 379 2956 enim
395 2895 504 2978 ἔρανον
518 2892 713 2958 Graecorum
733 2916 789 2958 ore
812 2895 1009 2959 collaticium
1028 2893 1188 2980 dixerunt,

219 2995 306 3082 quod
331 2996 416 3082 apud
442 3019 494 3061 eos
524 3017 598 3061 cum
631 2997 706 3062 alias
736 3019 797 3060 usu
825 2998 926 3082 renit,
960 3009 1029 3062 tum
1054 2999 1188 3064 maxime
1244 3018 1246 3026 ¹

207 3100 301 3173 ,illud
326 3113 407 3185 erat,
438 3098 525 3186 quod
553 3100 649 3165 amici
675 3101 803 3194 amicis,
832 3102 947 3188 quibus
976 3100 1098 3186 aliquid
1128 3122 1191 3164 ac-

219 3205 345 3270 cidisset
366 3206 547 3290 infortunii,
571 3205 792 3290 conferebant,
815 3209 877 3271 sire
906 3204 947 3269 ad
970 3204 1078 3280 aedes,
1107 3225 1189 3289 quae

218 3318 370 3372 vetustate
388 3310 591 3393 corruissent,
613 3320 666 3374 aut
689 3307 839 3373 incendio
868 3318 969 3371 essent
991 3318 1190 3382 consumme,

219 3408 407 3494 reparandas
427 3413 476 3476 vel
499 3411 712 3497 exstruendas,
736 3412 798 3476 sire
816 3409 855 3473 ad
871 3408 1004 3496 quodvis
1026 3410 1113 3474 aliud
1133 3409 1190 3500 (1).

152 3565 154 3569 .
264 3513 354 3594 Quae
379 3537 452 3580 roro
476 3518 574 3584 ,erani
602 3517 744 3600 collatio,
774 3534 955 3599 nunquam,
986 3513 1012 3576 si
1037 3513 1189 3579 Salmasio

219 3616 315 3682 fidem
343 3618 520 3685 tribuamus
556 3619 619 3709 (2),
653 3617 839 3706 repetenda,
874 3639 914 3682 an
947 3615 1082 3680 utilitate
1113 3637 1189 3680 oum

220 3719 415 3786 Graecorum
452 3723 637 3791 conferendi
671 3744 758 3788 more
789 3721 827 3784 sit
863 3717 1090 3804 comparanda,
1123 3743 1190 3786 non

218 3821 321 3890 habeo
346 3825 433 3912 quod
462 3825 576 3893 dicam.
620 3826 754 3897 Videtur
781 3825 943 3890 tamenin
969 3824 1190 3889 Romanorum

221 3927 262 3992 ad
282 3930 370 3994 erani
386 3930 484 3996 instar
504 3932 700 3998 Graecorum
721 3928 904 3996 conferendi
926 3928 1047 3992 ratione
1069 3927 1191 4015 aliquid

221 4051 286 4095 esse
311 4031 464 4118 periculi,
492 4055 535 4098 ne
567 4034 711 4100 homines
737 4034 888 4098 nimirum
924 4053 1052 4096 suarum
1084 4053 1191 4096 rerum

253 4267 295 4336 (1)
315 4265 351 4322 V.
372 4265 482 4322 Salmas.
503 4269 535 4324 de
557 4268 651 4326 Usuris
668 4266 699 4322 C.
720 4267 744 4320 3.
763 4283 790 4335 p.
810 4265 852 4318 39.
891 4264 931 4334 (2)
954 4259 1064 4318 Salml.
1077 4261 1095 4311 l.
1115 4259 1196 4328 pou
